{
	"name": "Notebook 1",
	"properties": {
		"nbformat": 4,
		"nbformat_minor": 2,
		"bigDataPool": {
			"referenceName": "testSynapse",
			"type": "BigDataPoolReference"
		},
		"sessionProperties": {
			"driverMemory": "28g",
			"driverCores": 4,
			"executorMemory": "28g",
			"executorCores": 4,
			"numExecutors": 2,
			"runAsWorkspaceSystemIdentity": false,
			"conf": {
				"spark.dynamicAllocation.enabled": "false",
				"spark.dynamicAllocation.minExecutors": "2",
				"spark.dynamicAllocation.maxExecutors": "2",
				"spark.autotune.trackingId": "0d397c22-4212-4e8a-b1f9-73d3e558c6eb"
			}
		},
		"metadata": {
			"saveOutput": true,
			"synapse_widget": {
				"version": "0.1",
				"state": {
					"685af93a-97ab-411b-8136-02be93626561": {
						"type": "Synapse.DataFrame",
						"sync_state": {
							"table": {
								"rows": [
									{
										"0": [
											{
												"netIncomeFromContinuingOperations": "678533000",
												"netInterestIncome": "1401425000",
												"depreciation": "None",
												"incomeTaxExpense": "176164000",
												"grossProfit": "2250722000",
												"fiscalDateEnding": "2023-12-31",
												"incomeBeforeTax": "867003000",
												"sellingGeneralAndAdministrative": "289197000",
												"operatingExpenses": "-514198999",
												"otherNonOperatingIncome": "None",
												"investmentIncomeNet": "None",
												"interestIncome": "1921600000",
												"ebitda": "-56000",
												"interestAndDebtExpense": "None",
												"costOfRevenue": "None",
												"ebit": "-37452000",
												"comprehensiveIncomeNetOfTax": "None",
												"researchAndDevelopment": "None",
												"totalRevenue": "2250722000",
												"netIncome": "690783000",
												"reportedCurrency": "USD",
												"costofGoodsAndServicesSold": "None",
												"operatingIncome": "-56000",
												"nonInterestIncome": "None",
												"depreciationAndAmortization": "37396000",
												"interestExpense": "61638000"
											},
											{
												"netIncomeFromContinuingOperations": "564090000",
												"netInterestIncome": "1142242000",
												"depreciation": "None",
												"incomeTaxExpense": "157440000",
												"grossProfit": "1249027000",
												"fiscalDateEnding": "2022-12-31",
												"incomeBeforeTax": "721530000",
												"sellingGeneralAndAdministrative": "235983000",
												"operatingExpenses": "-403620000",
												"otherNonOperatingIncome": "None",
												"investmentIncomeNet": "None",
												"interestIncome": "1266068000",
												"ebitda": "889397000",
												"interestAndDebtExpense": "None",
												"costOfRevenue": "None",
												"ebit": "846779000",
												"comprehensiveIncomeNetOfTax": "None",
												"researchAndDevelopment": "None",
												"totalRevenue": "1249027000",
												"netIncome": "564141000",
												"reportedCurrency": "USD",
												"costofGoodsAndServicesSold": "None",
												"operatingIncome": "845407000",
												"nonInterestIncome": "None",
												"depreciationAndAmortization": "42618000",
												"interestExpense": "123826000"
											},
											{
												"netIncomeFromContinuingOperations": "579033000",
												"netInterestIncome": "989720000",
												"depreciation": "None",
												"incomeTaxExpense": "173888000",
												"grossProfit": "1096959000",
												"fiscalDateEnding": "2021-12-31",
												"incomeBeforeTax": "752921000",
												"sellingGeneralAndAdministrative": "225752000",
												"operatingExpenses": "-344070000",
												"otherNonOperatingIncome": "None",
												"investmentIncomeNet": "None",
												"interestIncome": "1071307000",
												"ebitda": "796020000",
												"interestAndDebtExpense": "None",
												"costOfRevenue": "None",
												"ebit": "753875000",
												"comprehensiveIncomeNetOfTax": "None",
												"researchAndDevelopment": "None",
												"totalRevenue": "1096959000",
												"netIncome": "579001000",
												"reportedCurrency": "USD",
												"costofGoodsAndServicesSold": "None",
												"operatingIncome": "752889000",
												"nonInterestIncome": "None",
												"depreciationAndAmortization": "42145000",
												"interestExpense": "81587000"
											},
											{
												"netIncomeFromContinuingOperations": "291866000",
												"netInterestIncome": "888624000",
												"depreciation": "None",
												"incomeTaxExpense": "84314000",
												"grossProfit": "984914000",
												"fiscalDateEnding": "2020-12-31",
												"incomeBeforeTax": "376180000",
												"sellingGeneralAndAdministrative": "222081000",
												"operatingExpenses": "-608702000",
												"otherNonOperatingIncome": "None",
												"investmentIncomeNet": "None",
												"interestIncome": "1080781000",
												"ebitda": "420003000",
												"interestAndDebtExpense": "None",
												"costOfRevenue": "None",
												"ebit": "376212000",
												"comprehensiveIncomeNetOfTax": "None",
												"researchAndDevelopment": "None",
												"totalRevenue": "984914000",
												"netIncome": "291898000",
												"reportedCurrency": "USD",
												"costofGoodsAndServicesSold": "None",
												"operatingIncome": "376212000",
												"nonInterestIncome": "None",
												"depreciationAndAmortization": "43791000",
												"interestExpense": "192157000"
											},
											{
												"netIncomeFromContinuingOperations": "425908000",
												"netInterestIncome": "884181000",
												"depreciation": "None",
												"incomeTaxExpense": "138429000",
												"grossProfit": "984264000",
												"fiscalDateEnding": "2019-12-31",
												"incomeBeforeTax": "564337000",
												"sellingGeneralAndAdministrative": "206276000",
												"operatingExpenses": "-419929000",
												"otherNonOperatingIncome": "None",
												"investmentIncomeNet": "None",
												"interestIncome": "1162541000",
												"ebitda": "606844000",
												"interestAndDebtExpense": "None",
												"costOfRevenue": "None",
												"ebit": "564335000",
												"comprehensiveIncomeNetOfTax": "None",
												"researchAndDevelopment": "None",
												"totalRevenue": "984264000",
												"netIncome": "425906000",
												"reportedCurrency": "USD",
												"costofGoodsAndServicesSold": "None",
												"operatingIncome": "564335000",
												"nonInterestIncome": "None",
												"depreciationAndAmortization": "42509000",
												"interestExpense": "278360000"
											},
											{
												"netIncomeFromContinuingOperations": "417081000",
												"netInterestIncome": "891433000",
												"depreciation": "None",
												"incomeTaxExpense": "136977000",
												"grossProfit": "991679000",
												"fiscalDateEnding": "2018-12-31",
												"incomeBeforeTax": "554058000",
												"sellingGeneralAndAdministrative": "198947000",
												"operatingExpenses": "-228209000",
												"otherNonOperatingIncome": "None",
												"investmentIncomeNet": "None",
												"interestIncome": "1100820000",
												"ebitda": "798910000",
												"interestAndDebtExpense": "None",
												"costOfRevenue": "273785000",
												"ebit": "763470000",
												"comprehensiveIncomeNetOfTax": "None",
												"researchAndDevelopment": "None",
												"totalRevenue": "991679000",
												"netIncome": "417106000",
												"reportedCurrency": "USD",
												"costofGoodsAndServicesSold": "273785000",
												"operatingIncome": "763470000",
												"nonInterestIncome": "None",
												"depreciationAndAmortization": "35440000",
												"interestExpense": "209387000"
											},
											{
												"netIncomeFromContinuingOperations": "421937000",
												"netInterestIncome": "817429000",
												"depreciation": "None",
												"incomeTaxExpense": "158586000",
												"grossProfit": "929398000",
												"fiscalDateEnding": "2017-12-31",
												"incomeBeforeTax": "580523000",
												"sellingGeneralAndAdministrative": "189369000",
												"operatingExpenses": "-233757000",
												"otherNonOperatingIncome": "None",
												"investmentIncomeNet": "None",
												"interestIncome": "932593000",
												"ebitda": "729711000",
												"interestAndDebtExpense": "None",
												"costOfRevenue": "143256000",
												"ebit": "695641000",
												"comprehensiveIncomeNetOfTax": "None",
												"researchAndDevelopment": "None",
												"totalRevenue": "929398000",
												"netIncome": "421891000",
												"reportedCurrency": "USD",
												"costofGoodsAndServicesSold": "143256000",
												"operatingIncome": "695641000",
												"nonInterestIncome": "None",
												"depreciationAndAmortization": "34070000",
												"interestExpense": "115164000"
											},
											{
												"netIncomeFromContinuingOperations": "270080000",
												"netInterestIncome": "601505000",
												"depreciation": "None",
												"incomeTaxExpense": "154278000",
												"grossProfit": "511107000",
												"fiscalDateEnding": "2016-12-31",
												"incomeBeforeTax": "424358000",
												"sellingGeneralAndAdministrative": "143333000",
												"operatingExpenses": "-25800000",
												"otherNonOperatingIncome": "None",
												"investmentIncomeNet": "None",
												"interestIncome": "662555000",
												"ebitda": "510339000",
												"interestAndDebtExpense": "None",
												"costOfRevenue": "90398000",
												"ebit": "485307000",
												"comprehensiveIncomeNetOfTax": "None",
												"researchAndDevelopment": "0",
												"totalRevenue": "601505000",
												"netIncome": "269979000",
												"reportedCurrency": "USD",
												"costofGoodsAndServicesSold": "90398000",
												"operatingIncome": "485307000",
												"nonInterestIncome": "None",
												"depreciationAndAmortization": "25032000",
												"interestExpense": "61050000"
											},
											{
												"netIncomeFromContinuingOperations": "182314000",
												"netInterestIncome": "382151000",
												"depreciation": "None",
												"incomeTaxExpense": "94455000",
												"grossProfit": "310370000",
												"fiscalDateEnding": "2015-12-31",
												"incomeBeforeTax": "276769000",
												"sellingGeneralAndAdministrative": "101639000",
												"operatingExpenses": "-6094000",
												"otherNonOperatingIncome": "None",
												"investmentIncomeNet": "None",
												"interestIncome": "409719000",
												"ebitda": "321737000",
												"interestAndDebtExpense": "None",
												"costOfRevenue": "71781000",
												"ebit": "304276000",
												"comprehensiveIncomeNetOfTax": "None",
												"researchAndDevelopment": "0",
												"totalRevenue": "382151000",
												"netIncome": "182253000",
												"reportedCurrency": "USD",
												"costofGoodsAndServicesSold": "71781000",
												"operatingIncome": "304276000",
												"nonInterestIncome": "None",
												"depreciationAndAmortization": "17461000",
												"interestExpense": "27568000"
											},
											{
												"netIncomeFromContinuingOperations": "118588000",
												"netInterestIncome": "None",
												"depreciation": "None",
												"incomeTaxExpense": "53859000",
												"grossProfit": "345949000",
												"fiscalDateEnding": "2014-12-31",
												"incomeBeforeTax": "172447000",
												"sellingGeneralAndAdministrative": "89914000",
												"operatingExpenses": "-173502000",
												"otherNonOperatingIncome": "None",
												"investmentIncomeNet": "None",
												"interestIncome": "None",
												"ebitda": "206402000",
												"interestAndDebtExpense": "None",
												"costOfRevenue": "-75455000",
												"ebit": "193420000",
												"comprehensiveIncomeNetOfTax": "None",
												"researchAndDevelopment": "0",
												"totalRevenue": "270494000",
												"netIncome": "118606000",
												"reportedCurrency": "USD",
												"costofGoodsAndServicesSold": "-75455000",
												"operatingIncome": "172447000",
												"nonInterestIncome": "None",
												"depreciationAndAmortization": "12982000",
												"interestExpense": "20955000"
											},
											{
												"netIncomeFromContinuingOperations": "87163000",
												"netInterestIncome": "None",
												"depreciation": "None",
												"incomeTaxExpense": "40149000",
												"grossProfit": "193519000",
												"fiscalDateEnding": "2013-12-31",
												"incomeBeforeTax": "127312000",
												"sellingGeneralAndAdministrative": "76214000",
												"operatingExpenses": "-131666000",
												"otherNonOperatingIncome": "None",
												"investmentIncomeNet": "None",
												"interestIncome": "None",
												"ebitda": "155919000",
												"interestAndDebtExpense": "None",
												"costOfRevenue": "-65459000",
												"ebit": "145918000",
												"comprehensiveIncomeNetOfTax": "None",
												"researchAndDevelopment": "0",
												"totalRevenue": "193519000",
												"netIncome": "87135000",
												"reportedCurrency": "USD",
												"costofGoodsAndServicesSold": "-65459000",
												"operatingIncome": "127312000",
												"nonInterestIncome": "None",
												"depreciationAndAmortization": "10001000",
												"interestExpense": "18634000"
											},
											{
												"netIncomeFromContinuingOperations": "77064000",
												"netInterestIncome": "None",
												"depreciation": "None",
												"incomeTaxExpense": "33935000",
												"grossProfit": "174346000",
												"fiscalDateEnding": "2012-12-31",
												"incomeBeforeTax": "110999000",
												"sellingGeneralAndAdministrative": "67875000",
												"operatingExpenses": "-95218000",
												"otherNonOperatingIncome": "None",
												"investmentIncomeNet": "None",
												"interestIncome": "None",
												"ebitda": "141377000",
												"interestAndDebtExpense": "None",
												"costOfRevenue": "-53451000",
												"ebit": "132579000",
												"comprehensiveIncomeNetOfTax": "None",
												"researchAndDevelopment": "0",
												"totalRevenue": "174346000",
												"netIncome": "77044000",
												"reportedCurrency": "USD",
												"costofGoodsAndServicesSold": "-53451000",
												"operatingIncome": "132579000",
												"nonInterestIncome": "None",
												"depreciationAndAmortization": "8798000",
												"interestExpense": "21600000"
											},
											{
												"netIncomeFromContinuingOperations": "201719000",
												"netInterestIncome": "None",
												"depreciation": "None",
												"incomeTaxExpense": "50208000",
												"grossProfit": "220109000",
												"fiscalDateEnding": "2011-12-31",
												"incomeBeforeTax": "151511000",
												"sellingGeneralAndAdministrative": "56263000",
												"operatingExpenses": "-9445000",
												"otherNonOperatingIncome": "933000",
												"investmentIncomeNet": "None",
												"interestIncome": "None",
												"ebitda": "188963000",
												"interestAndDebtExpense": "None",
												"costOfRevenue": "74727000",
												"ebit": "187286000",
												"comprehensiveIncomeNetOfTax": "None",
												"researchAndDevelopment": "None",
												"totalRevenue": "294836000",
												"netIncome": "101321000",
												"reportedCurrency": "USD",
												"costofGoodsAndServicesSold": "74727000",
												"operatingIncome": "187286000",
												"nonInterestIncome": "None",
												"depreciationAndAmortization": "1677000",
												"interestExpense": "30435000"
											},
											{
												"netIncomeFromContinuingOperations": "None",
												"netInterestIncome": "None",
												"depreciation": "None",
												"incomeTaxExpense": "26614000",
												"grossProfit": "193957000",
												"fiscalDateEnding": "2010-12-31",
												"incomeBeforeTax": "90538000",
												"sellingGeneralAndAdministrative": "76801000",
												"operatingExpenses": "-69005000",
												"otherNonOperatingIncome": "None",
												"investmentIncomeNet": "None",
												"interestIncome": "None",
												"ebitda": "129854000",
												"interestAndDebtExpense": "None",
												"costOfRevenue": "50337000",
												"ebit": "124952000",
												"comprehensiveIncomeNetOfTax": "None",
												"researchAndDevelopment": "None",
												"totalRevenue": "193957000",
												"netIncome": "64001000",
												"reportedCurrency": "USD",
												"costofGoodsAndServicesSold": "50337000",
												"operatingIncome": "124952000",
												"nonInterestIncome": "None",
												"depreciationAndAmortization": "4902000",
												"interestExpense": "34337000"
											},
											{
												"netIncomeFromContinuingOperations": "None",
												"netInterestIncome": "None",
												"depreciation": "None",
												"incomeTaxExpense": "12859000",
												"grossProfit": "169374000",
												"fiscalDateEnding": "2009-12-31",
												"incomeBeforeTax": "55942000",
												"sellingGeneralAndAdministrative": "31847000",
												"operatingExpenses": "-78380000",
												"otherNonOperatingIncome": "None",
												"investmentIncomeNet": "None",
												"interestIncome": "None",
												"ebitda": "95276000",
												"interestAndDebtExpense": "None",
												"costOfRevenue": "92385000",
												"ebit": "90994000",
												"comprehensiveIncomeNetOfTax": "None",
												"researchAndDevelopment": "None",
												"totalRevenue": "169374000",
												"netIncome": "43102000",
												"reportedCurrency": "USD",
												"costofGoodsAndServicesSold": "92385000",
												"operatingIncome": "90994000",
												"nonInterestIncome": "None",
												"depreciationAndAmortization": "4282000",
												"interestExpense": "47585000"
											},
											{
												"netIncomeFromContinuingOperations": "None",
												"netInterestIncome": "None",
												"depreciation": "None",
												"incomeTaxExpense": "9926000",
												"grossProfit": "118050000",
												"fiscalDateEnding": "2008-12-31",
												"incomeBeforeTax": "44627000",
												"sellingGeneralAndAdministrative": "30132000",
												"operatingExpenses": "-73423000",
												"otherNonOperatingIncome": "None",
												"investmentIncomeNet": "None",
												"interestIncome": "None",
												"ebitda": "132695000",
												"interestAndDebtExpense": "None",
												"costOfRevenue": "103327000",
												"ebit": "128929000",
												"comprehensiveIncomeNetOfTax": "None",
												"researchAndDevelopment": "None",
												"totalRevenue": "118050000",
												"netIncome": "34701000",
												"reportedCurrency": "USD",
												"costofGoodsAndServicesSold": "103327000",
												"operatingIncome": "44627000",
												"nonInterestIncome": "None",
												"depreciationAndAmortization": "3766000",
												"interestExpense": "84302000"
											},
											{
												"netIncomeFromContinuingOperations": "None",
												"netInterestIncome": "None",
												"depreciation": "None",
												"incomeTaxExpense": "14445000",
												"grossProfit": "100593000",
												"fiscalDateEnding": "2007-12-31",
												"incomeBeforeTax": "46191000",
												"sellingGeneralAndAdministrative": "28661000",
												"operatingExpenses": "44950000",
												"otherNonOperatingIncome": "None",
												"investmentIncomeNet": "None",
												"interestIncome": "None",
												"ebitda": "149091000",
												"interestAndDebtExpense": "None",
												"costOfRevenue": "105502000",
												"ebit": "145543000",
												"comprehensiveIncomeNetOfTax": "None",
												"researchAndDevelopment": "None",
												"totalRevenue": "100593000",
												"netIncome": "31746000",
												"reportedCurrency": "USD",
												"costofGoodsAndServicesSold": "105502000",
												"operatingIncome": "145543000",
												"nonInterestIncome": "None",
												"depreciationAndAmortization": "3548000",
												"interestExpense": "99352000"
											},
											{
												"netIncomeFromContinuingOperations": "None",
												"netInterestIncome": "None",
												"depreciation": "None",
												"incomeTaxExpense": "13418000",
												"grossProfit": "93951000",
												"fiscalDateEnding": "2006-12-31",
												"incomeBeforeTax": "45111000",
												"sellingGeneralAndAdministrative": "27506000",
												"operatingExpenses": "-48840000",
												"otherNonOperatingIncome": "None",
												"investmentIncomeNet": "None",
												"interestIncome": "None",
												"ebitda": "131716000",
												"interestAndDebtExpense": "None",
												"costOfRevenue": "86928000",
												"ebit": "129589000",
												"comprehensiveIncomeNetOfTax": "None",
												"researchAndDevelopment": "None",
												"totalRevenue": "93951000",
												"netIncome": "31693000",
												"reportedCurrency": "USD",
												"costofGoodsAndServicesSold": "86928000",
												"operatingIncome": "45111000",
												"nonInterestIncome": "None",
												"depreciationAndAmortization": "2127000",
												"interestExpense": "84478000"
											},
											{
												"netIncomeFromContinuingOperations": "None",
												"netInterestIncome": "None",
												"depreciation": "None",
												"incomeTaxExpense": "13959000",
												"grossProfit": "87828000",
												"fiscalDateEnding": "2005-12-31",
												"incomeBeforeTax": "45448000",
												"sellingGeneralAndAdministrative": "23477000",
												"operatingExpenses": "-42380000",
												"otherNonOperatingIncome": "None",
												"investmentIncomeNet": "None",
												"interestIncome": "None",
												"ebitda": "91805000",
												"interestAndDebtExpense": "None",
												"costOfRevenue": "46605000",
												"ebit": "89753000",
												"comprehensiveIncomeNetOfTax": "None",
												"researchAndDevelopment": "None",
												"totalRevenue": "87828000",
												"netIncome": "31489000",
												"reportedCurrency": "USD",
												"costofGoodsAndServicesSold": "46605000",
												"operatingIncome": "45448000",
												"nonInterestIncome": "None",
												"depreciationAndAmortization": "2052000",
												"interestExpense": "44305000"
											},
											{
												"netIncomeFromContinuingOperations": "None",
												"netInterestIncome": "None",
												"depreciation": "None",
												"incomeTaxExpense": "12030000",
												"grossProfit": "78848000",
												"fiscalDateEnding": "2004-12-31",
												"incomeBeforeTax": "37913000",
												"sellingGeneralAndAdministrative": "20666000",
												"operatingExpenses": "-16327000",
												"otherNonOperatingIncome": "None",
												"investmentIncomeNet": "None",
												"interestIncome": "None",
												"ebitda": "65270000",
												"interestAndDebtExpense": "None",
												"costOfRevenue": "27938000",
												"ebit": "62521000",
												"comprehensiveIncomeNetOfTax": "None",
												"researchAndDevelopment": "None",
												"totalRevenue": "78848000",
												"netIncome": "25883000",
												"reportedCurrency": "USD",
												"costofGoodsAndServicesSold": "27938000",
												"operatingIncome": "62521000",
												"nonInterestIncome": "None",
												"depreciationAndAmortization": "2749000",
												"interestExpense": "24608000"
											}
										],
										"1": [
											{
												"netIncomeFromContinuingOperations": "177535000",
												"netInterestIncome": "387994000",
												"depreciation": "None",
												"incomeTaxExpense": "52778000",
												"grossProfit": "696618000",
												"fiscalDateEnding": "2024-06-30",
												"incomeBeforeTax": "230313000",
												"sellingGeneralAndAdministrative": "91830000",
												"operatingExpenses": "45621000",
												"otherNonOperatingIncome": "None",
												"investmentIncomeNet": "None",
												"interestIncome": "667836000",
												"ebitda": "8000",
												"interestAndDebtExpense": "None",
												"costOfRevenue": "None",
												"ebit": "-15601000",
												"comprehensiveIncomeNetOfTax": "None",
												"researchAndDevelopment": "None",
												"totalRevenue": "696618000",
												"netIncome": "177543000",
												"reportedCurrency": "USD",
												"costofGoodsAndServicesSold": "None",
												"operatingIncome": "8000",
												"nonInterestIncome": "None",
												"depreciationAndAmortization": "15609000",
												"interestExpense": "9038000"
											},
											{
												"netIncomeFromContinuingOperations": "175555000",
												"netInterestIncome": "376934000",
												"depreciation": "None",
												"incomeTaxExpense": "54226000",
												"grossProfit": "666137000",
												"fiscalDateEnding": "2024-03-31",
												"incomeBeforeTax": "229781000",
												"sellingGeneralAndAdministrative": "77814000",
												"operatingExpenses": "45776000",
												"otherNonOperatingIncome": "None",
												"investmentIncomeNet": "None",
												"interestIncome": "637053000",
												"ebitda": "-4065000",
												"interestAndDebtExpense": "None",
												"costOfRevenue": "None",
												"ebit": "-22937000",
												"comprehensiveIncomeNetOfTax": "None",
												"researchAndDevelopment": "None",
												"totalRevenue": "666137000",
												"netIncome": "175537000",
												"reportedCurrency": "USD",
												"costofGoodsAndServicesSold": "None",
												"operatingIncome": "229781000",
												"nonInterestIncome": "None",
												"depreciationAndAmortization": "18872000",
												"interestExpense": "260119000"
											},
											{
												"netIncomeFromContinuingOperations": "175131000",
												"netInterestIncome": "370548000",
												"depreciation": "None",
												"incomeTaxExpense": "43600000",
												"grossProfit": "642521000",
												"fiscalDateEnding": "2023-12-31",
												"incomeBeforeTax": "218732000",
												"sellingGeneralAndAdministrative": "82073000",
												"operatingExpenses": "-141097000",
												"otherNonOperatingIncome": "None",
												"investmentIncomeNet": "None",
												"interestIncome": "605495000",
												"ebitda": "-6000",
												"interestAndDebtExpense": "None",
												"costOfRevenue": "None",
												"ebit": "-9135000",
												"comprehensiveIncomeNetOfTax": "None",
												"researchAndDevelopment": "None",
												"totalRevenue": "642521000",
												"netIncome": "175125000",
												"reportedCurrency": "USD",
												"costofGoodsAndServicesSold": "None",
												"operatingIncome": "-6000",
												"nonInterestIncome": "None",
												"depreciationAndAmortization": "9129000",
												"interestExpense": "16472000"
											},
											{
												"netIncomeFromContinuingOperations": "173830000",
												"netInterestIncome": "367261000",
												"depreciation": "None",
												"incomeTaxExpense": "46144000",
												"grossProfit": "389851000",
												"fiscalDateEnding": "2023-09-30",
												"incomeBeforeTax": "219974000",
												"sellingGeneralAndAdministrative": "69607000",
												"operatingExpenses": "-169914000",
												"otherNonOperatingIncome": "None",
												"investmentIncomeNet": "None",
												"interestIncome": "565513000",
												"ebitda": "229424000",
												"interestAndDebtExpense": "None",
												"costOfRevenue": "None",
												"ebit": "219937000",
												"comprehensiveIncomeNetOfTax": "None",
												"researchAndDevelopment": "None",
												"totalRevenue": "389851000",
												"netIncome": "173793000",
												"reportedCurrency": "USD",
												"costofGoodsAndServicesSold": "None",
												"operatingIncome": "219937000",
												"nonInterestIncome": "None",
												"depreciationAndAmortization": "9487000",
												"interestExpense": "198252000"
											},
											{
												"netIncomeFromContinuingOperations": "171965000",
												"netInterestIncome": "356824000",
												"depreciation": "None",
												"incomeTaxExpense": "45717000",
												"grossProfit": "386635000",
												"fiscalDateEnding": "2023-06-30",
												"incomeBeforeTax": "217682000",
												"sellingGeneralAndAdministrative": "70119000",
												"operatingExpenses": "-168954000",
												"otherNonOperatingIncome": "None",
												"investmentIncomeNet": "None",
												"interestIncome": "508446000",
												"ebitda": "229251000",
												"interestAndDebtExpense": "None",
												"costOfRevenue": "None",
												"ebit": "217681000",
												"comprehensiveIncomeNetOfTax": "None",
												"researchAndDevelopment": "None",
												"totalRevenue": "386635000",
												"netIncome": "171964000",
												"reportedCurrency": "USD",
												"costofGoodsAndServicesSold": "None",
												"operatingIncome": "217681000",
												"nonInterestIncome": "None",
												"depreciationAndAmortization": "11570000",
												"interestExpense": "151622000"
											},
											{
												"netIncomeFromContinuingOperations": "169912000",
												"netInterestIncome": "344852000",
												"depreciation": "None",
												"incomeTaxExpense": "40703000",
												"grossProfit": "370136000",
												"fiscalDateEnding": "2023-03-31",
												"incomeBeforeTax": "210615000",
												"sellingGeneralAndAdministrative": "67397000",
												"operatingExpenses": "-159533000",
												"otherNonOperatingIncome": "None",
												"investmentIncomeNet": "None",
												"interestIncome": "448719000",
												"ebitda": "221442000",
												"interestAndDebtExpense": "None",
												"costOfRevenue": "None",
												"ebit": "210603000",
												"comprehensiveIncomeNetOfTax": "None",
												"researchAndDevelopment": "None",
												"totalRevenue": "370136000",
												"netIncome": "169900000",
												"reportedCurrency": "USD",
												"costofGoodsAndServicesSold": "None",
												"operatingIncome": "210603000",
												"nonInterestIncome": "None",
												"depreciationAndAmortization": "10839000",
												"interestExpense": "103867000"
											},
											{
												"netIncomeFromContinuingOperations": "162825000",
												"netInterestIncome": "332488000",
												"depreciation": "None",
												"incomeTaxExpense": "45686000",
												"grossProfit": "357892000",
												"fiscalDateEnding": "2022-12-31",
												"incomeBeforeTax": "208511000",
												"sellingGeneralAndAdministrative": "62656000",
												"operatingExpenses": "-82893000",
												"otherNonOperatingIncome": "None",
												"investmentIncomeNet": "None",
												"interestIncome": "398922000",
												"ebitda": "285838000",
												"interestAndDebtExpense": "None",
												"costOfRevenue": "None",
												"ebit": "284649000",
												"comprehensiveIncomeNetOfTax": "None",
												"researchAndDevelopment": "None",
												"totalRevenue": "357892000",
												"netIncome": "162879000",
												"reportedCurrency": "USD",
												"costofGoodsAndServicesSold": "None",
												"operatingIncome": "274999000",
												"nonInterestIncome": "None",
												"depreciationAndAmortization": "1189000",
												"interestExpense": "66434000"
											},
											{
												"netIncomeFromContinuingOperations": "132349000",
												"netInterestIncome": "294617000",
												"depreciation": "None",
												"incomeTaxExpense": "35969000",
												"grossProfit": "321878000",
												"fiscalDateEnding": "2022-09-30",
												"incomeBeforeTax": "168318000",
												"sellingGeneralAndAdministrative": "60017000",
												"operatingExpenses": "-124890000",
												"otherNonOperatingIncome": "None",
												"investmentIncomeNet": "None",
												"interestIncome": "323287000",
												"ebitda": "207868000",
												"interestAndDebtExpense": "None",
												"costOfRevenue": "None",
												"ebit": "197334000",
												"comprehensiveIncomeNetOfTax": "None",
												"researchAndDevelopment": "None",
												"totalRevenue": "321878000",
												"netIncome": "128302000",
												"reportedCurrency": "USD",
												"costofGoodsAndServicesSold": "None",
												"operatingIncome": "196988000",
												"nonInterestIncome": "None",
												"depreciationAndAmortization": "10534000",
												"interestExpense": "28670000"
											},
											{
												"netIncomeFromContinuingOperations": "136413000",
												"netInterestIncome": "265793000",
												"depreciation": "None",
												"incomeTaxExpense": "39375000",
												"grossProfit": "290272000",
												"fiscalDateEnding": "2022-06-30",
												"incomeBeforeTax": "175788000",
												"sellingGeneralAndAdministrative": "56512000",
												"operatingExpenses": "-98797000",
												"otherNonOperatingIncome": "None",
												"investmentIncomeNet": "None",
												"interestIncome": "281488000",
												"ebitda": "202583000",
												"interestAndDebtExpense": "None",
												"costOfRevenue": "None",
												"ebit": "191818000",
												"comprehensiveIncomeNetOfTax": "None",
												"researchAndDevelopment": "None",
												"totalRevenue": "290272000",
												"netIncome": "132358000",
												"reportedCurrency": "USD",
												"costofGoodsAndServicesSold": "None",
												"operatingIncome": "191475000",
												"nonInterestIncome": "None",
												"depreciationAndAmortization": "10765000",
												"interestExpense": "15695000"
											},
											{
												"netIncomeFromContinuingOperations": "132503000",
												"netInterestIncome": "249343000",
												"depreciation": "None",
												"incomeTaxExpense": "36410000",
												"grossProfit": "278984000",
												"fiscalDateEnding": "2022-03-31",
												"incomeBeforeTax": "168913000",
												"sellingGeneralAndAdministrative": "56798000",
												"operatingExpenses": "-97038000",
												"otherNonOperatingIncome": "None",
												"investmentIncomeNet": "None",
												"interestIncome": "262371000",
												"ebitda": "193109000",
												"interestAndDebtExpense": "None",
												"costOfRevenue": "None",
												"ebit": "182284000",
												"comprehensiveIncomeNetOfTax": "None",
												"researchAndDevelopment": "None",
												"totalRevenue": "278984000",
												"netIncome": "128028000",
												"reportedCurrency": "USD",
												"costofGoodsAndServicesSold": "None",
												"operatingIncome": "181946000",
												"nonInterestIncome": "None",
												"depreciationAndAmortization": "10825000",
												"interestExpense": "13028000"
											},
											{
												"netIncomeFromContinuingOperations": "149766000",
												"netInterestIncome": "266381000",
												"depreciation": "None",
												"incomeTaxExpense": "44197000",
												"grossProfit": "293848000",
												"fiscalDateEnding": "2021-12-31",
												"incomeBeforeTax": "193963000",
												"sellingGeneralAndAdministrative": "57159000",
												"operatingExpenses": "-85790000",
												"otherNonOperatingIncome": "None",
												"investmentIncomeNet": "None",
												"interestIncome": "280481000",
												"ebitda": "219061000",
												"interestAndDebtExpense": "None",
												"costOfRevenue": "None",
												"ebit": "208403000",
												"comprehensiveIncomeNetOfTax": "None",
												"researchAndDevelopment": "None",
												"totalRevenue": "293848000",
												"netIncome": "149761000",
												"reportedCurrency": "USD",
												"costofGoodsAndServicesSold": "None",
												"operatingIncome": "208058000",
												"nonInterestIncome": "None",
												"depreciationAndAmortization": "10658000",
												"interestExpense": "14100000"
											},
											{
												"netIncomeFromContinuingOperations": "130285000",
												"netInterestIncome": "247957000",
												"depreciation": "None",
												"incomeTaxExpense": "40713000",
												"grossProfit": "271688000",
												"fiscalDateEnding": "2021-09-30",
												"incomeBeforeTax": "170998000",
												"sellingGeneralAndAdministrative": "56424000",
												"operatingExpenses": "-85979000",
												"otherNonOperatingIncome": "None",
												"investmentIncomeNet": "None",
												"interestIncome": "262663000",
												"ebitda": "196438000",
												"interestAndDebtExpense": "None",
												"costOfRevenue": "None",
												"ebit": "185883000",
												"comprehensiveIncomeNetOfTax": "None",
												"researchAndDevelopment": "None",
												"totalRevenue": "271688000",
												"netIncome": "130290000",
												"reportedCurrency": "USD",
												"costofGoodsAndServicesSold": "None",
												"operatingIncome": "185709000",
												"nonInterestIncome": "None",
												"depreciationAndAmortization": "10555000",
												"interestExpense": "14706000"
											},
											{
												"netIncomeFromContinuingOperations": "150548000",
												"netInterestIncome": "240746000",
												"depreciation": "None",
												"incomeTaxExpense": "45161000",
												"grossProfit": "266462000",
												"fiscalDateEnding": "2021-06-30",
												"incomeBeforeTax": "195709000",
												"sellingGeneralAndAdministrative": "55004000",
												"operatingExpenses": "-47413000",
												"otherNonOperatingIncome": "None",
												"investmentIncomeNet": "None",
												"interestIncome": "264099000",
												"ebitda": "229672000",
												"interestAndDebtExpense": "None",
												"costOfRevenue": "None",
												"ebit": "219284000",
												"comprehensiveIncomeNetOfTax": "None",
												"researchAndDevelopment": "None",
												"totalRevenue": "266462000",
												"netIncome": "150535000",
												"reportedCurrency": "USD",
												"costofGoodsAndServicesSold": "None",
												"operatingIncome": "219049000",
												"nonInterestIncome": "None",
												"depreciationAndAmortization": "10388000",
												"interestExpense": "23353000"
											},
											{
												"netIncomeFromContinuingOperations": "148435000",
												"netInterestIncome": "234636000",
												"depreciation": "None",
												"incomeTaxExpense": "43818000",
												"grossProfit": "264961000",
												"fiscalDateEnding": "2021-03-31",
												"incomeBeforeTax": "192253000",
												"sellingGeneralAndAdministrative": "57165000",
												"operatingExpenses": "-43299000",
												"otherNonOperatingIncome": "None",
												"investmentIncomeNet": "None",
												"interestIncome": "264064000",
												"ebitda": "232438000",
												"interestAndDebtExpense": "None",
												"costOfRevenue": "None",
												"ebit": "221663000",
												"comprehensiveIncomeNetOfTax": "None",
												"researchAndDevelopment": "None",
												"totalRevenue": "264961000",
												"netIncome": "148416000",
												"reportedCurrency": "USD",
												"costofGoodsAndServicesSold": "None",
												"operatingIncome": "221662000",
												"nonInterestIncome": "None",
												"depreciationAndAmortization": "10775000",
												"interestExpense": "29428000"
											},
											{
												"netIncomeFromContinuingOperations": "120510000",
												"netInterestIncome": "237600000",
												"depreciation": "None",
												"incomeTaxExpense": "35607000",
												"grossProfit": "264290000",
												"fiscalDateEnding": "2020-12-31",
												"incomeBeforeTax": "156117000",
												"sellingGeneralAndAdministrative": "57478000",
												"operatingExpenses": "-72375000",
												"otherNonOperatingIncome": "None",
												"investmentIncomeNet": "None",
												"interestIncome": "273395000",
												"ebitda": "203038000",
												"interestAndDebtExpense": "None",
												"costOfRevenue": "None",
												"ebit": "191915000",
												"comprehensiveIncomeNetOfTax": "None",
												"researchAndDevelopment": "None",
												"totalRevenue": "264290000",
												"netIncome": "120513000",
												"reportedCurrency": "USD",
												"costofGoodsAndServicesSold": "None",
												"operatingIncome": "191915000",
												"nonInterestIncome": "None",
												"depreciationAndAmortization": "11123000",
												"interestExpense": "35795000"
											},
											{
												"netIncomeFromContinuingOperations": "109241000",
												"netInterestIncome": "224657000",
												"depreciation": "None",
												"incomeTaxExpense": "29251000",
												"grossProfit": "248699000",
												"fiscalDateEnding": "2020-09-30",
												"incomeBeforeTax": "138492000",
												"sellingGeneralAndAdministrative": "56714000",
												"operatingExpenses": "-66571000",
												"otherNonOperatingIncome": "None",
												"investmentIncomeNet": "None",
												"interestIncome": "268281000",
												"ebitda": "193170000",
												"interestAndDebtExpense": "None",
												"costOfRevenue": "None",
												"ebit": "182128000",
												"comprehensiveIncomeNetOfTax": "None",
												"researchAndDevelopment": "None",
												"totalRevenue": "248699000",
												"netIncome": "109253000",
												"reportedCurrency": "USD",
												"costofGoodsAndServicesSold": "None",
												"operatingIncome": "182128000",
												"nonInterestIncome": "None",
												"depreciationAndAmortization": "11042000",
												"interestExpense": "43624000"
											},
											{
												"netIncomeFromContinuingOperations": "50257000",
												"netInterestIncome": "216593000",
												"depreciation": "None",
												"incomeTaxExpense": "14948000",
												"grossProfit": "236325000",
												"fiscalDateEnding": "2020-06-30",
												"incomeBeforeTax": "65205000",
												"sellingGeneralAndAdministrative": "52995000",
												"operatingExpenses": "-120570000",
												"otherNonOperatingIncome": "None",
												"investmentIncomeNet": "None",
												"interestIncome": "267134000",
												"ebitda": "126589000",
												"interestAndDebtExpense": "None",
												"costOfRevenue": "None",
												"ebit": "115755000",
												"comprehensiveIncomeNetOfTax": "None",
												"researchAndDevelopment": "None",
												"totalRevenue": "236325000",
												"netIncome": "50266000",
												"reportedCurrency": "USD",
												"costofGoodsAndServicesSold": "None",
												"operatingIncome": "115755000",
												"nonInterestIncome": "None",
												"depreciationAndAmortization": "10834000",
												"interestExpense": "50541000"
											},
											{
												"netIncomeFromContinuingOperations": "11858000",
												"netInterestIncome": "209775000",
												"depreciation": "None",
												"incomeTaxExpense": "4509000",
												"grossProfit": "235601000",
												"fiscalDateEnding": "2020-03-31",
												"incomeBeforeTax": "16367000",
												"sellingGeneralAndAdministrative": "54893000",
												"operatingExpenses": "-157028000",
												"otherNonOperatingIncome": "None",
												"investmentIncomeNet": "None",
												"interestIncome": "271973000",
												"ebitda": "89365000",
												"interestAndDebtExpense": "None",
												"costOfRevenue": "None",
												"ebit": "78573000",
												"comprehensiveIncomeNetOfTax": "None",
												"researchAndDevelopment": "None",
												"totalRevenue": "235601000",
												"netIncome": "11866000",
												"reportedCurrency": "USD",
												"costofGoodsAndServicesSold": "None",
												"operatingIncome": "78573000",
												"nonInterestIncome": "None",
												"depreciationAndAmortization": "10792000",
												"interestExpense": "62198000"
											},
											{
												"netIncomeFromContinuingOperations": "100799000",
												"netInterestIncome": "214977000",
												"depreciation": "None",
												"incomeTaxExpense": "35240000",
												"grossProfit": "243520000",
												"fiscalDateEnding": "2019-12-31",
												"incomeBeforeTax": "136039000",
												"sellingGeneralAndAdministrative": "55830000",
												"operatingExpenses": "-41489000",
												"otherNonOperatingIncome": "None",
												"investmentIncomeNet": "None",
												"interestIncome": "280962000",
												"ebitda": "212701000",
												"interestAndDebtExpense": "None",
												"costOfRevenue": "None",
												"ebit": "202031000",
												"comprehensiveIncomeNetOfTax": "None",
												"researchAndDevelopment": "None",
												"totalRevenue": "243520000",
												"netIncome": "100806000",
												"reportedCurrency": "USD",
												"costofGoodsAndServicesSold": "None",
												"operatingIncome": "202031000",
												"nonInterestIncome": "None",
												"depreciationAndAmortization": "10670000",
												"interestExpense": "65985000"
											},
											{
												"netIncomeFromContinuingOperations": "103884000",
												"netInterestIncome": "218780000",
												"depreciation": "None",
												"incomeTaxExpense": "32574000",
												"grossProfit": "243632000",
												"fiscalDateEnding": "2019-09-30",
												"incomeBeforeTax": "136458000",
												"sellingGeneralAndAdministrative": "50881000",
												"operatingExpenses": "-36430000",
												"otherNonOperatingIncome": "None",
												"investmentIncomeNet": "None",
												"interestIncome": "289517000",
												"ebitda": "217814000",
												"interestAndDebtExpense": "None",
												"costOfRevenue": "None",
												"ebit": "207202000",
												"comprehensiveIncomeNetOfTax": "None",
												"researchAndDevelopment": "None",
												"totalRevenue": "243632000",
												"netIncome": "103891000",
												"reportedCurrency": "USD",
												"costofGoodsAndServicesSold": "None",
												"operatingIncome": "207202000",
												"nonInterestIncome": "None",
												"depreciationAndAmortization": "10612000",
												"interestExpense": "70737000"
											},
											{
												"netIncomeFromContinuingOperations": "110513000",
												"netInterestIncome": "224536000",
												"depreciation": "None",
												"incomeTaxExpense": "34726000",
												"grossProfit": "249122000",
												"fiscalDateEnding": "2019-06-30",
												"incomeBeforeTax": "145239000",
												"sellingGeneralAndAdministrative": "51046000",
												"operatingExpenses": "-31610000",
												"otherNonOperatingIncome": "None",
												"investmentIncomeNet": "None",
												"interestIncome": "296819000",
												"ebitda": "228119000",
												"interestAndDebtExpense": "None",
												"costOfRevenue": "None",
												"ebit": "217512000",
												"comprehensiveIncomeNetOfTax": "None",
												"researchAndDevelopment": "None",
												"totalRevenue": "249122000",
												"netIncome": "110503000",
												"reportedCurrency": "USD",
												"costofGoodsAndServicesSold": "None",
												"operatingIncome": "217512000",
												"nonInterestIncome": "None",
												"depreciationAndAmortization": "10607000",
												"interestExpense": "72283000"
											},
											{
												"netIncomeFromContinuingOperations": "110712000",
												"netInterestIncome": "225888000",
												"depreciation": "None",
												"incomeTaxExpense": "35889000",
												"grossProfit": "247989000",
												"fiscalDateEnding": "2019-03-31",
												"incomeBeforeTax": "146601000",
												"sellingGeneralAndAdministrative": "48520000",
												"operatingExpenses": "-32039000",
												"otherNonOperatingIncome": "None",
												"investmentIncomeNet": "None",
												"interestIncome": "295243000",
												"ebitda": "226570000",
												"interestAndDebtExpense": "None",
												"costOfRevenue": "0",
												"ebit": "215950000",
												"comprehensiveIncomeNetOfTax": "None",
												"researchAndDevelopment": "None",
												"totalRevenue": "247989000",
												"netIncome": "110706000",
												"reportedCurrency": "USD",
												"costofGoodsAndServicesSold": "0",
												"operatingIncome": "215950000",
												"nonInterestIncome": "None",
												"depreciationAndAmortization": "10620000",
												"interestExpense": "69355000"
											},
											{
												"netIncomeFromContinuingOperations": "115028000",
												"netInterestIncome": "228383000",
												"depreciation": "None",
												"incomeTaxExpense": "38750000",
												"grossProfit": "254322000",
												"fiscalDateEnding": "2018-12-31",
												"incomeBeforeTax": "153778000",
												"sellingGeneralAndAdministrative": "59238000",
												"operatingExpenses": "-36855000",
												"otherNonOperatingIncome": "None",
												"investmentIncomeNet": "None",
												"interestIncome": "292069000",
												"ebitda": "226290000",
												"interestAndDebtExpense": "None",
												"costOfRevenue": "70958000",
												"ebit": "217467000",
												"comprehensiveIncomeNetOfTax": "None",
												"researchAndDevelopment": "0",
												"totalRevenue": "254322000",
												"netIncome": "115031000",
												"reportedCurrency": "USD",
												"costofGoodsAndServicesSold": "70958000",
												"operatingIncome": "217467000",
												"nonInterestIncome": "None",
												"depreciationAndAmortization": "8823000",
												"interestExpense": "63686000"
											},
											{
												"netIncomeFromContinuingOperations": "74179000",
												"netInterestIncome": "None",
												"depreciation": "None",
												"incomeTaxExpense": "25665000",
												"grossProfit": "242601000",
												"fiscalDateEnding": "2018-09-30",
												"incomeBeforeTax": "99844000",
												"sellingGeneralAndAdministrative": "45425000",
												"operatingExpenses": "-85775000",
												"otherNonOperatingIncome": "None",
												"investmentIncomeNet": "None",
												"interestIncome": "None",
												"ebitda": "165584000",
												"interestAndDebtExpense": "None",
												"costOfRevenue": "98931000",
												"ebit": "156826000",
												"comprehensiveIncomeNetOfTax": "None",
												"researchAndDevelopment": "0",
												"totalRevenue": "242601000",
												"netIncome": "74180000",
												"reportedCurrency": "USD",
												"costofGoodsAndServicesSold": "98931000",
												"operatingIncome": "156826000",
												"nonInterestIncome": "None",
												"depreciationAndAmortization": "8758000",
												"interestExpense": "56981000"
											},
											{
												"netIncomeFromContinuingOperations": "114741000",
												"netInterestIncome": "None",
												"depreciation": "None",
												"incomeTaxExpense": "38589000",
												"grossProfit": "252047000",
												"fiscalDateEnding": "2018-06-30",
												"incomeBeforeTax": "153330000",
												"sellingGeneralAndAdministrative": "41665000",
												"operatingExpenses": "-49704000",
												"otherNonOperatingIncome": "None",
												"investmentIncomeNet": "None",
												"interestIncome": "None",
												"ebitda": "211246000",
												"interestAndDebtExpense": "None",
												"costOfRevenue": "58613000",
												"ebit": "202343000",
												"comprehensiveIncomeNetOfTax": "None",
												"researchAndDevelopment": "0",
												"totalRevenue": "252047000",
												"netIncome": "114751000",
												"reportedCurrency": "USD",
												"costofGoodsAndServicesSold": "58613000",
												"operatingIncome": "202343000",
												"nonInterestIncome": "None",
												"depreciationAndAmortization": "8903000",
												"interestExpense": "49003000"
											},
											{
												"netIncomeFromContinuingOperations": "113133000",
												"netInterestIncome": "None",
												"depreciation": "None",
												"incomeTaxExpense": "33973000",
												"grossProfit": "244330000",
												"fiscalDateEnding": "2018-03-31",
												"incomeBeforeTax": "147106000",
												"sellingGeneralAndAdministrative": "49061000",
												"operatingExpenses": "-57497000",
												"otherNonOperatingIncome": "None",
												"investmentIncomeNet": "None",
												"interestIncome": "None",
												"ebitda": "195789000",
												"interestAndDebtExpense": "None",
												"costOfRevenue": "45283000",
												"ebit": "186833000",
												"comprehensiveIncomeNetOfTax": "None",
												"researchAndDevelopment": "0",
												"totalRevenue": "244330000",
												"netIncome": "113144000",
												"reportedCurrency": "USD",
												"costofGoodsAndServicesSold": "45283000",
												"operatingIncome": "186833000",
												"nonInterestIncome": "None",
												"depreciationAndAmortization": "8956000",
												"interestExpense": "39716000"
											},
											{
												"netIncomeFromContinuingOperations": "55810000",
												"netInterestIncome": "None",
												"depreciation": "None",
												"incomeTaxExpense": "3433000",
												"grossProfit": "241590000",
												"fiscalDateEnding": "2017-12-31",
												"incomeBeforeTax": "149587000",
												"sellingGeneralAndAdministrative": "66061000",
												"operatingExpenses": "-92003000",
												"otherNonOperatingIncome": "None",
												"investmentIncomeNet": "None",
												"interestIncome": "None",
												"ebitda": "192515000",
												"interestAndDebtExpense": "None",
												"costOfRevenue": "43547000",
												"ebit": "183866000",
												"comprehensiveIncomeNetOfTax": "None",
												"researchAndDevelopment": "0",
												"totalRevenue": "241590000",
												"netIncome": "146164000",
												"reportedCurrency": "USD",
												"costofGoodsAndServicesSold": "43547000",
												"operatingIncome": "149587000",
												"nonInterestIncome": "None",
												"depreciationAndAmortization": "8649000",
												"interestExpense": "34269000"
											},
											{
												"netIncomeFromContinuingOperations": "366127000",
												"netInterestIncome": "None",
												"depreciation": "None",
												"incomeTaxExpense": "54246000",
												"grossProfit": "239790000",
												"fiscalDateEnding": "2017-09-30",
												"incomeBeforeTax": "150293000",
												"sellingGeneralAndAdministrative": "39712000",
												"operatingExpenses": "-89497000",
												"otherNonOperatingIncome": "None",
												"investmentIncomeNet": "None",
												"interestIncome": "None",
												"ebitda": "190642000",
												"interestAndDebtExpense": "None",
												"costOfRevenue": "39622000",
												"ebit": "182097000",
												"comprehensiveIncomeNetOfTax": "None",
												"researchAndDevelopment": "0",
												"totalRevenue": "239790000",
												"netIncome": "96007000",
												"reportedCurrency": "USD",
												"costofGoodsAndServicesSold": "39622000",
												"operatingIncome": "150293000",
												"nonInterestIncome": "None",
												"depreciationAndAmortization": "8545000",
												"interestExpense": "31844000"
											},
											{
												"netIncomeFromContinuingOperations": "540160000",
												"netInterestIncome": "None",
												"depreciation": "None",
												"incomeTaxExpense": "53488000",
												"grossProfit": "230629000",
												"fiscalDateEnding": "2017-06-30",
												"incomeBeforeTax": "144014000",
												"sellingGeneralAndAdministrative": "43300000",
												"operatingExpenses": "-86615000",
												"otherNonOperatingIncome": "None",
												"investmentIncomeNet": "None",
												"interestIncome": "None",
												"ebitda": "178545000",
												"interestAndDebtExpense": "None",
												"costOfRevenue": "32155000",
												"ebit": "170073000",
												"comprehensiveIncomeNetOfTax": "None",
												"researchAndDevelopment": "0",
												"totalRevenue": "230629000",
												"netIncome": "90532000",
												"reportedCurrency": "USD",
												"costofGoodsAndServicesSold": "32155000",
												"operatingIncome": "144014000",
												"nonInterestIncome": "None",
												"depreciationAndAmortization": "8472000",
												"interestExpense": "26053000"
											},
											{
												"netIncomeFromContinuingOperations": "89211000",
												"netInterestIncome": "None",
												"depreciation": "None",
												"incomeTaxExpense": "47417000",
												"grossProfit": "164249000",
												"fiscalDateEnding": "2017-03-31",
												"incomeBeforeTax": "136628000",
												"sellingGeneralAndAdministrative": "40296000",
												"operatingExpenses": "-4645000",
												"otherNonOperatingIncome": "None",
												"investmentIncomeNet": "None",
												"interestIncome": "None",
												"ebitda": "168008000",
												"interestAndDebtExpense": "None",
												"costOfRevenue": "26522000",
												"ebit": "159604000",
												"comprehensiveIncomeNetOfTax": "None",
												"researchAndDevelopment": "0",
												"totalRevenue": "190771000",
												"netIncome": "89188000",
												"reportedCurrency": "USD",
												"costofGoodsAndServicesSold": "26522000",
												"operatingIncome": "159604000",
												"nonInterestIncome": "None",
												"depreciationAndAmortization": "8404000",
												"interestExpense": "22999000"
											},
											{
												"netIncomeFromContinuingOperations": "87846000",
												"netInterestIncome": "None",
												"depreciation": "None",
												"incomeTaxExpense": "49311000",
												"grossProfit": "222062000",
												"fiscalDateEnding": "2016-12-31",
												"incomeBeforeTax": "137156000",
												"sellingGeneralAndAdministrative": "51786000",
												"operatingExpenses": "-114345000",
												"otherNonOperatingIncome": "None",
												"investmentIncomeNet": "None",
												"interestIncome": "None",
												"ebitda": "166188000",
												"interestAndDebtExpense": "None",
												"costOfRevenue": "-27262000",
												"ebit": "157826000",
												"comprehensiveIncomeNetOfTax": "None",
												"researchAndDevelopment": "0",
												"totalRevenue": "194800000",
												"netIncome": "87786000",
												"reportedCurrency": "USD",
												"costofGoodsAndServicesSold": "-27262000",
												"operatingIncome": "157826000",
												"nonInterestIncome": "None",
												"depreciationAndAmortization": "8362000",
												"interestExpense": "20729000"
											},
											{
												"netIncomeFromContinuingOperations": "76044000",
												"netInterestIncome": "None",
												"depreciation": "None",
												"incomeTaxExpense": "42470000",
												"grossProfit": "146107000",
												"fiscalDateEnding": "2016-09-30",
												"incomeBeforeTax": "118514000",
												"sellingGeneralAndAdministrative": "40186000",
												"operatingExpenses": "-8400000",
												"otherNonOperatingIncome": "None",
												"investmentIncomeNet": "None",
												"interestIncome": "None",
												"ebitda": "144760000",
												"interestAndDebtExpense": "None",
												"costOfRevenue": "29043000",
												"ebit": "137707000",
												"comprehensiveIncomeNetOfTax": "None",
												"researchAndDevelopment": "0",
												"totalRevenue": "175150000",
												"netIncome": "76030000",
												"reportedCurrency": "USD",
												"costofGoodsAndServicesSold": "29043000",
												"operatingIncome": "137707000",
												"nonInterestIncome": "None",
												"depreciationAndAmortization": "7053000",
												"interestExpense": "19207000"
											},
											{
												"netIncomeFromContinuingOperations": "54495000",
												"netInterestIncome": "None",
												"depreciation": "None",
												"incomeTaxExpense": "31514000",
												"grossProfit": "119038000",
												"fiscalDateEnding": "2016-06-30",
												"incomeBeforeTax": "86009000",
												"sellingGeneralAndAdministrative": "26461000",
												"operatingExpenses": "-42379000",
												"otherNonOperatingIncome": "None",
												"investmentIncomeNet": "None",
												"interestIncome": "None",
												"ebitda": "102661000",
												"interestAndDebtExpense": "None",
												"costOfRevenue": "-21220000",
												"ebit": "97879000",
												"comprehensiveIncomeNetOfTax": "None",
												"researchAndDevelopment": "0",
												"totalRevenue": "119038000",
												"netIncome": "54474000",
												"reportedCurrency": "USD",
												"costofGoodsAndServicesSold": "-21220000",
												"operatingIncome": "97879000",
												"nonInterestIncome": "None",
												"depreciationAndAmortization": "4782000",
												"interestExpense": "11891000"
											},
											{
												"netIncomeFromContinuingOperations": "51695000",
												"netInterestIncome": "None",
												"depreciation": "None",
												"incomeTaxExpense": "30984000",
												"grossProfit": "96724000",
												"fiscalDateEnding": "2016-03-31",
												"incomeBeforeTax": "82679000",
												"sellingGeneralAndAdministrative": "24901000",
												"operatingExpenses": "-4828000",
												"otherNonOperatingIncome": "None",
												"investmentIncomeNet": "None",
												"interestIncome": "None",
												"ebitda": "96731000",
												"interestAndDebtExpense": "None",
												"costOfRevenue": "15793000",
												"ebit": "91896000",
												"comprehensiveIncomeNetOfTax": "None",
												"researchAndDevelopment": "0",
												"totalRevenue": "112517000",
												"netIncome": "51688000",
												"reportedCurrency": "USD",
												"costofGoodsAndServicesSold": "15793000",
												"operatingIncome": "91896000",
												"nonInterestIncome": "None",
												"depreciationAndAmortization": "4835000",
												"interestExpense": "9224000"
											},
											{
												"netIncomeFromContinuingOperations": "51461000",
												"netInterestIncome": "None",
												"depreciation": "None",
												"incomeTaxExpense": "28741000",
												"grossProfit": "106518000",
												"fiscalDateEnding": "2015-12-31",
												"incomeBeforeTax": "80202000",
												"sellingGeneralAndAdministrative": "31548000",
												"operatingExpenses": "-84010000",
												"otherNonOperatingIncome": "None",
												"investmentIncomeNet": "None",
												"interestIncome": "None",
												"ebitda": "93630000",
												"interestAndDebtExpense": "None",
												"costOfRevenue": "-28621000",
												"ebit": "88355000",
												"comprehensiveIncomeNetOfTax": "None",
												"researchAndDevelopment": "0",
												"totalRevenue": "106518000",
												"netIncome": "51455000",
												"reportedCurrency": "USD",
												"costofGoodsAndServicesSold": "-28621000",
												"operatingIncome": "-68994000",
												"nonInterestIncome": "None",
												"depreciationAndAmortization": "5275000",
												"interestExpense": "8159000"
											},
											{
												"netIncomeFromContinuingOperations": "46131000",
												"netInterestIncome": "None",
												"depreciation": "None",
												"incomeTaxExpense": "23385000",
												"grossProfit": "80242000",
												"fiscalDateEnding": "2015-09-30",
												"incomeBeforeTax": "69516000",
												"sellingGeneralAndAdministrative": "22557000",
												"operatingExpenses": "-3632000",
												"otherNonOperatingIncome": "None",
												"investmentIncomeNet": "None",
												"interestIncome": "None",
												"ebitda": "80985000",
												"interestAndDebtExpense": "None",
												"costOfRevenue": "16145000",
												"ebit": "76610000",
												"comprehensiveIncomeNetOfTax": "None",
												"researchAndDevelopment": "0",
												"totalRevenue": "96387000",
												"netIncome": "46128000",
												"reportedCurrency": "USD",
												"costofGoodsAndServicesSold": "16145000",
												"operatingIncome": "76610000",
												"nonInterestIncome": "None",
												"depreciationAndAmortization": "4375000",
												"interestExpense": "7097000"
											},
											{
												"netIncomeFromContinuingOperations": "44804000",
												"netInterestIncome": "None",
												"depreciation": "None",
												"incomeTaxExpense": "24190000",
												"grossProfit": "80022000",
												"fiscalDateEnding": "2015-06-30",
												"incomeBeforeTax": "68994000",
												"sellingGeneralAndAdministrative": "23877000",
												"operatingExpenses": "-11028000",
												"otherNonOperatingIncome": "None",
												"investmentIncomeNet": "None",
												"interestIncome": "None",
												"ebitda": "79397000",
												"interestAndDebtExpense": "None",
												"costOfRevenue": "13734000",
												"ebit": "75313000",
												"comprehensiveIncomeNetOfTax": "None",
												"researchAndDevelopment": "0",
												"totalRevenue": "93756000",
												"netIncome": "44776000",
												"reportedCurrency": "USD",
												"costofGoodsAndServicesSold": "13734000",
												"operatingIncome": "68994000",
												"nonInterestIncome": "None",
												"depreciationAndAmortization": "4084000",
												"interestExpense": "6347000"
											},
											{
												"netIncomeFromContinuingOperations": "39918000",
												"netInterestIncome": "None",
												"depreciation": "None",
												"incomeTaxExpense": "18139000",
												"grossProfit": "65193000",
												"fiscalDateEnding": "2015-03-31",
												"incomeBeforeTax": "58057000",
												"sellingGeneralAndAdministrative": "23657000",
												"operatingExpenses": "-1194000",
												"otherNonOperatingIncome": "None",
												"investmentIncomeNet": "None",
												"interestIncome": "None",
												"ebitda": "67726000",
												"interestAndDebtExpense": "None",
												"costOfRevenue": "20296000",
												"ebit": "63999000",
												"comprehensiveIncomeNetOfTax": "None",
												"researchAndDevelopment": "0",
												"totalRevenue": "85489000",
												"netIncome": "39894000",
												"reportedCurrency": "USD",
												"costofGoodsAndServicesSold": "20296000",
												"operatingIncome": "63999000",
												"nonInterestIncome": "None",
												"depreciationAndAmortization": "3727000",
												"interestExpense": "5966000"
											},
											{
												"netIncomeFromContinuingOperations": "34762000",
												"netInterestIncome": "None",
												"depreciation": "None",
												"incomeTaxExpense": "17300000",
												"grossProfit": "78675000",
												"fiscalDateEnding": "2014-12-31",
												"incomeBeforeTax": "52062000",
												"sellingGeneralAndAdministrative": "30148000",
												"operatingExpenses": "-53851000",
												"otherNonOperatingIncome": "None",
												"investmentIncomeNet": "None",
												"interestIncome": "None",
												"ebitda": "61473000",
												"interestAndDebtExpense": "None",
												"costOfRevenue": "-27239000",
												"ebit": "57923000",
												"comprehensiveIncomeNetOfTax": "None",
												"researchAndDevelopment": "0",
												"totalRevenue": "78675000",
												"netIncome": "34751000",
												"reportedCurrency": "USD",
												"costofGoodsAndServicesSold": "-27239000",
												"operatingIncome": "52063000",
												"nonInterestIncome": "None",
												"depreciationAndAmortization": "3550000",
												"interestExpense": "5872000"
											},
											{
												"netIncomeFromContinuingOperations": "32080000",
												"netInterestIncome": "None",
												"depreciation": "None",
												"incomeTaxExpense": "15579000",
												"grossProfit": "59797000",
												"fiscalDateEnding": "2014-09-30",
												"incomeBeforeTax": "47659000",
												"sellingGeneralAndAdministrative": "21710000",
												"operatingExpenses": "-6663000",
												"otherNonOperatingIncome": "None",
												"investmentIncomeNet": "None",
												"interestIncome": "None",
												"ebitda": "56818000",
												"interestAndDebtExpense": "None",
												"costOfRevenue": "14824000",
												"ebit": "53134000",
												"comprehensiveIncomeNetOfTax": "None",
												"researchAndDevelopment": "0",
												"totalRevenue": "74621000",
												"netIncome": "32093000",
												"reportedCurrency": "USD",
												"costofGoodsAndServicesSold": "14824000",
												"operatingIncome": "53134000",
												"nonInterestIncome": "None",
												"depreciationAndAmortization": "3684000",
												"interestExpense": "5462000"
											},
											{
												"netIncomeFromContinuingOperations": "26478000",
												"netInterestIncome": "None",
												"depreciation": "None",
												"incomeTaxExpense": "12251000",
												"grossProfit": "51461000",
												"fiscalDateEnding": "2014-06-30",
												"incomeBeforeTax": "38729000",
												"sellingGeneralAndAdministrative": "19604000",
												"operatingExpenses": "-7765000",
												"otherNonOperatingIncome": "None",
												"investmentIncomeNet": "None",
												"interestIncome": "None",
												"ebitda": "46776000",
												"interestAndDebtExpense": "None",
												"costOfRevenue": "13340000",
												"ebit": "43696000",
												"comprehensiveIncomeNetOfTax": "None",
												"researchAndDevelopment": "0",
												"totalRevenue": "64801000",
												"netIncome": "26486000",
												"reportedCurrency": "USD",
												"costofGoodsAndServicesSold": "13340000",
												"operatingIncome": "43696000",
												"nonInterestIncome": "None",
												"depreciationAndAmortization": "3080000",
												"interestExpense": "4959000"
											},
											{
												"netIncomeFromContinuingOperations": "25268000",
												"netInterestIncome": "None",
												"depreciation": "None",
												"incomeTaxExpense": "8730000",
												"grossProfit": "37675000",
												"fiscalDateEnding": "2014-03-31",
												"incomeBeforeTax": "33998000",
												"sellingGeneralAndAdministrative": "25477000",
												"operatingExpenses": "992000",
												"otherNonOperatingIncome": "None",
												"investmentIncomeNet": "None",
												"interestIncome": "None",
												"ebitda": "41335000",
												"interestAndDebtExpense": "None",
												"costOfRevenue": "14721000",
												"ebit": "38667000",
												"comprehensiveIncomeNetOfTax": "None",
												"researchAndDevelopment": "0",
												"totalRevenue": "52396000",
												"netIncome": "25276000",
												"reportedCurrency": "USD",
												"costofGoodsAndServicesSold": "14721000",
												"operatingIncome": "38667000",
												"nonInterestIncome": "None",
												"depreciationAndAmortization": "2668000",
												"interestExpense": "4661000"
											},
											{
												"netIncomeFromContinuingOperations": "24390000",
												"netInterestIncome": "None",
												"depreciation": "None",
												"incomeTaxExpense": "11894000",
												"grossProfit": "55282000",
												"fiscalDateEnding": "2013-12-31",
												"incomeBeforeTax": "36284000",
												"sellingGeneralAndAdministrative": "20308000",
												"operatingExpenses": "-35432000",
												"otherNonOperatingIncome": "None",
												"investmentIncomeNet": "None",
												"interestIncome": "None",
												"ebitda": "43854000",
												"interestAndDebtExpense": "None",
												"costOfRevenue": "-16433000",
												"ebit": "41094000",
												"comprehensiveIncomeNetOfTax": "None",
												"researchAndDevelopment": "0",
												"totalRevenue": "55282000",
												"netIncome": "24398000",
												"reportedCurrency": "USD",
												"costofGoodsAndServicesSold": "-16433000",
												"operatingIncome": "36283000",
												"nonInterestIncome": "None",
												"depreciationAndAmortization": "2760000",
												"interestExpense": "4802000"
											},
											{
												"netIncomeFromContinuingOperations": "22383000",
												"netInterestIncome": "None",
												"depreciation": "None",
												"incomeTaxExpense": "10224000",
												"grossProfit": "39667000",
												"fiscalDateEnding": "2013-09-30",
												"incomeBeforeTax": "32607000",
												"sellingGeneralAndAdministrative": "19279000",
												"operatingExpenses": "-17317000",
												"otherNonOperatingIncome": "None",
												"investmentIncomeNet": "None",
												"interestIncome": "None",
												"ebitda": "39565000",
												"interestAndDebtExpense": "None",
												"costOfRevenue": "10966000",
												"ebit": "37283000",
												"comprehensiveIncomeNetOfTax": "None",
												"researchAndDevelopment": "0",
												"totalRevenue": "50633000",
												"netIncome": "26452000",
												"reportedCurrency": "USD",
												"costofGoodsAndServicesSold": "10966000",
												"operatingIncome": "22350000",
												"nonInterestIncome": "None",
												"depreciationAndAmortization": "2282000",
												"interestExpense": "4709000"
											},
											{
												"netIncomeFromContinuingOperations": "20379000",
												"netInterestIncome": "None",
												"depreciation": "None",
												"incomeTaxExpense": "9506000",
												"grossProfit": "33228000",
												"fiscalDateEnding": "2013-06-30",
												"incomeBeforeTax": "29885000",
												"sellingGeneralAndAdministrative": "18108000",
												"operatingExpenses": "-3343000",
												"otherNonOperatingIncome": "None",
												"investmentIncomeNet": "None",
												"interestIncome": "None",
												"ebitda": "36885000",
												"interestAndDebtExpense": "None",
												"costOfRevenue": "10237000",
												"ebit": "34385000",
												"comprehensiveIncomeNetOfTax": "None",
												"researchAndDevelopment": "0",
												"totalRevenue": "43465000",
												"netIncome": "20387000",
												"reportedCurrency": "USD",
												"costofGoodsAndServicesSold": "10237000",
												"operatingIncome": "29885000",
												"nonInterestIncome": "None",
												"depreciationAndAmortization": "2500000",
												"interestExpense": "4492000"
											},
											{
												"netIncomeFromContinuingOperations": "20011000",
												"netInterestIncome": "None",
												"depreciation": "None",
												"incomeTaxExpense": "8526000",
												"grossProfit": "35116000",
												"fiscalDateEnding": "2013-03-31",
												"incomeBeforeTax": "28537000",
												"sellingGeneralAndAdministrative": "18505000",
												"operatingExpenses": "-1960000",
												"otherNonOperatingIncome": "None",
												"investmentIncomeNet": "None",
												"interestIncome": "None",
												"ebitda": "35615000",
												"interestAndDebtExpense": "None",
												"costOfRevenue": "9023000",
												"ebit": "33156000",
												"comprehensiveIncomeNetOfTax": "None",
												"researchAndDevelopment": "0",
												"totalRevenue": "44139000",
												"netIncome": "20000000",
												"reportedCurrency": "USD",
												"costofGoodsAndServicesSold": "9023000",
												"operatingIncome": "33156000",
												"nonInterestIncome": "None",
												"depreciationAndAmortization": "2459000",
												"interestExpense": "4630000"
											},
											{
												"netIncomeFromContinuingOperations": "4777000",
												"netInterestIncome": "None",
												"depreciation": "None",
												"incomeTaxExpense": "9518000",
												"grossProfit": "43771000",
												"fiscalDateEnding": "2012-12-31",
												"incomeBeforeTax": "30194000",
												"sellingGeneralAndAdministrative": "5063000",
												"operatingExpenses": "-18020000",
												"otherNonOperatingIncome": "None",
												"investmentIncomeNet": "None",
												"interestIncome": "None",
												"ebitda": "37803000",
												"interestAndDebtExpense": "None",
												"costOfRevenue": "-9438000",
												"ebit": "35189000",
												"comprehensiveIncomeNetOfTax": "None",
												"researchAndDevelopment": "0",
												"totalRevenue": "43771000",
												"netIncome": "20667000",
												"reportedCurrency": "USD",
												"costofGoodsAndServicesSold": "-9438000",
												"operatingIncome": "35189000",
												"nonInterestIncome": "None",
												"depreciationAndAmortization": "2614000",
												"interestExpense": "5004000"
											},
											{
												"netIncomeFromContinuingOperations": "19290000",
												"netInterestIncome": "None",
												"depreciation": "None",
												"incomeTaxExpense": "7883000",
												"grossProfit": "58935000",
												"fiscalDateEnding": "2012-09-30",
												"incomeBeforeTax": "27173000",
												"sellingGeneralAndAdministrative": "24577000",
												"operatingExpenses": "-26765000",
												"otherNonOperatingIncome": "None",
												"investmentIncomeNet": "None",
												"interestIncome": "None",
												"ebitda": "34220000",
												"interestAndDebtExpense": "None",
												"costOfRevenue": "8093000",
												"ebit": "32170000",
												"comprehensiveIncomeNetOfTax": "None",
												"researchAndDevelopment": "0",
												"totalRevenue": "58935000",
												"netIncome": "19275000",
												"reportedCurrency": "USD",
												"costofGoodsAndServicesSold": "8093000",
												"operatingIncome": "32170000",
												"nonInterestIncome": "None",
												"depreciationAndAmortization": "2050000",
												"interestExpense": "5012000"
											},
											{
												"netIncomeFromContinuingOperations": "19087000",
												"netInterestIncome": "None",
												"depreciation": "None",
												"incomeTaxExpense": "8584000",
												"grossProfit": "58008000",
												"fiscalDateEnding": "2012-06-30",
												"incomeBeforeTax": "29822000",
												"sellingGeneralAndAdministrative": "14574000",
												"operatingExpenses": "-23420000",
												"otherNonOperatingIncome": "None",
												"investmentIncomeNet": "None",
												"interestIncome": "None",
												"ebitda": "35097000",
												"interestAndDebtExpense": "None",
												"costOfRevenue": "2151000",
												"ebit": "34588000",
												"comprehensiveIncomeNetOfTax": "None",
												"researchAndDevelopment": "0",
												"totalRevenue": "60159000",
												"netIncome": "19092000",
												"reportedCurrency": "USD",
												"costofGoodsAndServicesSold": "2151000",
												"operatingIncome": "34588000",
												"nonInterestIncome": "None",
												"depreciationAndAmortization": "509000",
												"interestExpense": "5474000"
											},
											{
												"netIncomeFromContinuingOperations": "33910000",
												"netInterestIncome": "None",
												"depreciation": "None",
												"incomeTaxExpense": "7950000",
												"grossProfit": "57643000",
												"fiscalDateEnding": "2012-03-31",
												"incomeBeforeTax": "28248000",
												"sellingGeneralAndAdministrative": "24220000",
												"operatingExpenses": "-23896000",
												"otherNonOperatingIncome": "1000",
												"investmentIncomeNet": "None",
												"interestIncome": "None",
												"ebitda": "34256000",
												"interestAndDebtExpense": "None",
												"costOfRevenue": "-2915000",
												"ebit": "33747000",
												"comprehensiveIncomeNetOfTax": "None",
												"researchAndDevelopment": "0",
												"totalRevenue": "57643000",
												"netIncome": "18009000",
												"reportedCurrency": "USD",
												"costofGoodsAndServicesSold": "-2915000",
												"operatingIncome": "33747000",
												"nonInterestIncome": "None",
												"depreciationAndAmortization": "509000",
												"interestExpense": "6110000"
											},
											{
												"netIncomeFromContinuingOperations": "0",
												"netInterestIncome": "None",
												"depreciation": "None",
												"incomeTaxExpense": "7603000",
												"grossProfit": "58803000",
												"fiscalDateEnding": "2011-12-31",
												"incomeBeforeTax": "25188000",
												"sellingGeneralAndAdministrative": "672000",
												"operatingExpenses": "-27135000",
												"otherNonOperatingIncome": "None",
												"investmentIncomeNet": "None",
												"interestIncome": "None",
												"ebitda": "33633000",
												"interestAndDebtExpense": "None",
												"costOfRevenue": "10806000",
												"ebit": "31668000",
												"comprehensiveIncomeNetOfTax": "None",
												"researchAndDevelopment": "0",
												"totalRevenue": "58803000",
												"netIncome": "17534000",
												"reportedCurrency": "USD",
												"costofGoodsAndServicesSold": "10806000",
												"operatingIncome": "31668000",
												"nonInterestIncome": "None",
												"depreciationAndAmortization": "1965000",
												"interestExpense": "6531000"
											},
											{
												"netIncomeFromContinuingOperations": "18887000",
												"netInterestIncome": "None",
												"depreciation": "None",
												"incomeTaxExpense": "8220000",
												"grossProfit": "47505000",
												"fiscalDateEnding": "2011-09-30",
												"incomeBeforeTax": "27107000",
												"sellingGeneralAndAdministrative": "20756000",
												"operatingExpenses": "-20398000",
												"otherNonOperatingIncome": "None",
												"investmentIncomeNet": "None",
												"interestIncome": "None",
												"ebitda": "36539000",
												"interestAndDebtExpense": "None",
												"costOfRevenue": "12902000",
												"ebit": "34690000",
												"comprehensiveIncomeNetOfTax": "None",
												"researchAndDevelopment": "0",
												"totalRevenue": "60407000",
												"netIncome": "18904000",
												"reportedCurrency": "USD",
												"costofGoodsAndServicesSold": "12902000",
												"operatingIncome": "27107000",
												"nonInterestIncome": "None",
												"depreciationAndAmortization": "1849000",
												"interestExpense": "7566000"
											},
											{
												"netIncomeFromContinuingOperations": "50204000",
												"netInterestIncome": "None",
												"depreciation": "None",
												"incomeTaxExpense": "28380000",
												"grossProfit": "100926000",
												"fiscalDateEnding": "2011-06-30",
												"incomeBeforeTax": "86084000",
												"sellingGeneralAndAdministrative": "14817000",
												"operatingExpenses": "-47939000",
												"otherNonOperatingIncome": "None",
												"investmentIncomeNet": "None",
												"interestIncome": "None",
												"ebitda": "88724000",
												"interestAndDebtExpense": "None",
												"costOfRevenue": "16608000",
												"ebit": "88288000",
												"comprehensiveIncomeNetOfTax": "None",
												"researchAndDevelopment": "0",
												"totalRevenue": "117534000",
												"netIncome": "86097000",
												"reportedCurrency": "USD",
												"costofGoodsAndServicesSold": "16608000",
												"operatingIncome": "86084000",
												"nonInterestIncome": "None",
												"depreciationAndAmortization": "436000",
												"interestExpense": "8398000"
											},
											{
												"netIncomeFromContinuingOperations": "0",
												"netInterestIncome": "None",
												"depreciation": "None",
												"incomeTaxExpense": "6004000",
												"grossProfit": "34682000",
												"fiscalDateEnding": "2011-03-31",
												"incomeBeforeTax": "20631000",
												"sellingGeneralAndAdministrative": "11647000",
												"operatingExpenses": "8695000",
												"otherNonOperatingIncome": "None",
												"investmentIncomeNet": "None",
												"interestIncome": "None",
												"ebitda": "30065000",
												"interestAndDebtExpense": "None",
												"costOfRevenue": "11439000",
												"ebit": "28573000",
												"comprehensiveIncomeNetOfTax": "None",
												"researchAndDevelopment": "0",
												"totalRevenue": "46121000",
												"netIncome": "14630000",
												"reportedCurrency": "USD",
												"costofGoodsAndServicesSold": "11439000",
												"operatingIncome": "28573000",
												"nonInterestIncome": "None",
												"depreciationAndAmortization": "1492000",
												"interestExpense": "7939000"
											},
											{
												"netIncomeFromContinuingOperations": "0",
												"netInterestIncome": "None",
												"depreciation": "None",
												"incomeTaxExpense": "6304000",
												"grossProfit": "52591000",
												"fiscalDateEnding": "2010-12-31",
												"incomeBeforeTax": "23218000",
												"sellingGeneralAndAdministrative": "28135000",
												"operatingExpenses": "-21214000",
												"otherNonOperatingIncome": "None",
												"investmentIncomeNet": "None",
												"interestIncome": "None",
												"ebitda": "32719000",
												"interestAndDebtExpense": "None",
												"costOfRevenue": "12242000",
												"ebit": "31377000",
												"comprehensiveIncomeNetOfTax": "None",
												"researchAndDevelopment": "0",
												"totalRevenue": "52591000",
												"netIncome": "16931000",
												"reportedCurrency": "USD",
												"costofGoodsAndServicesSold": "12242000",
												"operatingIncome": "31377000",
												"nonInterestIncome": "None",
												"depreciationAndAmortization": "1342000",
												"interestExpense": "8142000"
											},
											{
												"netIncomeFromContinuingOperations": "0",
												"netInterestIncome": "None",
												"depreciation": "None",
												"incomeTaxExpense": "9878000",
												"grossProfit": "47707000",
												"fiscalDateEnding": "2010-09-30",
												"incomeBeforeTax": "30086000",
												"sellingGeneralAndAdministrative": "18495000",
												"operatingExpenses": "-9280000",
												"otherNonOperatingIncome": "None",
												"investmentIncomeNet": "None",
												"interestIncome": "None",
												"ebitda": "39689000",
												"interestAndDebtExpense": "None",
												"costOfRevenue": "10244000",
												"ebit": "38427000",
												"comprehensiveIncomeNetOfTax": "None",
												"researchAndDevelopment": "0",
												"totalRevenue": "57951000",
												"netIncome": "20225000",
												"reportedCurrency": "USD",
												"costofGoodsAndServicesSold": "10244000",
												"operatingIncome": "38427000",
												"nonInterestIncome": "None",
												"depreciationAndAmortization": "1262000",
												"interestExpense": "8324000"
											},
											{
												"netIncomeFromContinuingOperations": "0",
												"netInterestIncome": "None",
												"depreciation": "None",
												"incomeTaxExpense": "3488000",
												"grossProfit": "31712000",
												"fiscalDateEnding": "2010-06-30",
												"incomeBeforeTax": "16900000",
												"sellingGeneralAndAdministrative": "8996000",
												"operatingExpenses": "-7403000",
												"otherNonOperatingIncome": "None",
												"investmentIncomeNet": "None",
												"interestIncome": "None",
												"ebitda": "24420000",
												"interestAndDebtExpense": "None",
												"costOfRevenue": "9698000",
												"ebit": "24309000",
												"comprehensiveIncomeNetOfTax": "None",
												"researchAndDevelopment": "0",
												"totalRevenue": "41410000",
												"netIncome": "10890000",
												"reportedCurrency": "USD",
												"costofGoodsAndServicesSold": "9698000",
												"operatingIncome": "24309000",
												"nonInterestIncome": "None",
												"depreciationAndAmortization": "111000",
												"interestExpense": "8851000"
											},
											{
												"netIncomeFromContinuingOperations": "0",
												"netInterestIncome": "None",
												"depreciation": "None",
												"incomeTaxExpense": "6944000",
												"grossProfit": "37783000",
												"fiscalDateEnding": "2010-03-31",
												"incomeBeforeTax": "22887000",
												"sellingGeneralAndAdministrative": "8275000",
												"operatingExpenses": "-5865000",
												"otherNonOperatingIncome": "None",
												"investmentIncomeNet": "None",
												"interestIncome": "None",
												"ebitda": "33025000",
												"interestAndDebtExpense": "None",
												"costOfRevenue": "6775000",
												"ebit": "31918000",
												"comprehensiveIncomeNetOfTax": "None",
												"researchAndDevelopment": "0",
												"totalRevenue": "44558000",
												"netIncome": "15954000",
												"reportedCurrency": "USD",
												"costofGoodsAndServicesSold": "6775000",
												"operatingIncome": "31918000",
												"nonInterestIncome": "None",
												"depreciationAndAmortization": "1107000",
												"interestExpense": "9020000"
											},
											{
												"netIncomeFromContinuingOperations": "0",
												"netInterestIncome": "None",
												"depreciation": "None",
												"incomeTaxExpense": "4472000",
												"grossProfit": "41752000",
												"fiscalDateEnding": "2009-12-31",
												"incomeBeforeTax": "17151000",
												"sellingGeneralAndAdministrative": "8130000",
												"operatingExpenses": "-27475000",
												"otherNonOperatingIncome": "None",
												"investmentIncomeNet": "None",
												"interestIncome": "None",
												"ebitda": "15369000",
												"interestAndDebtExpense": "None",
												"costOfRevenue": "15261000",
												"ebit": "14277000",
												"comprehensiveIncomeNetOfTax": "None",
												"researchAndDevelopment": "0",
												"totalRevenue": "41752000",
												"netIncome": "144000",
												"reportedCurrency": "USD",
												"costofGoodsAndServicesSold": "15261000",
												"operatingIncome": "14277000",
												"nonInterestIncome": "None",
												"depreciationAndAmortization": "1092000",
												"interestExpense": "9661000"
											},
											{
												"netIncomeFromContinuingOperations": "0",
												"netInterestIncome": "None",
												"depreciation": "None",
												"incomeTaxExpense": "2599000",
												"grossProfit": "29924000",
												"fiscalDateEnding": "2009-09-30",
												"incomeBeforeTax": "12043000",
												"sellingGeneralAndAdministrative": "7823000",
												"operatingExpenses": "-17881000",
												"otherNonOperatingIncome": "None",
												"investmentIncomeNet": "None",
												"interestIncome": "None",
												"ebitda": "23787000",
												"interestAndDebtExpense": "None",
												"costOfRevenue": "5118000",
												"ebit": "22740000",
												"comprehensiveIncomeNetOfTax": "None",
												"researchAndDevelopment": "0",
												"totalRevenue": "35042000",
												"netIncome": "8391000",
												"reportedCurrency": "USD",
												"costofGoodsAndServicesSold": "5118000",
												"operatingIncome": "12043000",
												"nonInterestIncome": "None",
												"depreciationAndAmortization": "1047000",
												"interestExpense": "10672000"
											},
											{
												"netIncomeFromContinuingOperations": "0",
												"netInterestIncome": "None",
												"depreciation": "None",
												"incomeTaxExpense": "3250000",
												"grossProfit": "45354000",
												"fiscalDateEnding": "2009-06-30",
												"incomeBeforeTax": "13827000",
												"sellingGeneralAndAdministrative": "7978000",
												"operatingExpenses": "-31527000",
												"otherNonOperatingIncome": "None",
												"investmentIncomeNet": "None",
												"interestIncome": "None",
												"ebitda": "27196000",
												"interestAndDebtExpense": "None",
												"costOfRevenue": "7518000",
												"ebit": "26151000",
												"comprehensiveIncomeNetOfTax": "None",
												"researchAndDevelopment": "0",
												"totalRevenue": "52872000",
												"netIncome": "9501000",
												"reportedCurrency": "USD",
												"costofGoodsAndServicesSold": "7518000",
												"operatingIncome": "13827000",
												"nonInterestIncome": "None",
												"depreciationAndAmortization": "1045000",
												"interestExpense": "12324000"
											},
											{
												"netIncomeFromContinuingOperations": "0",
												"netInterestIncome": "None",
												"depreciation": "None",
												"incomeTaxExpense": "2537000",
												"grossProfit": "34014000",
												"fiscalDateEnding": "2009-03-31",
												"incomeBeforeTax": "12920000",
												"sellingGeneralAndAdministrative": "7916000",
												"operatingExpenses": "-6189000",
												"otherNonOperatingIncome": "None",
												"investmentIncomeNet": "None",
												"interestIncome": "None",
												"ebitda": "28923000",
												"interestAndDebtExpense": "None",
												"costOfRevenue": "5693000",
												"ebit": "27825000",
												"comprehensiveIncomeNetOfTax": "None",
												"researchAndDevelopment": "0",
												"totalRevenue": "39707000",
												"netIncome": "9286000",
												"reportedCurrency": "USD",
												"costofGoodsAndServicesSold": "5693000",
												"operatingIncome": "27825000",
												"nonInterestIncome": "None",
												"depreciationAndAmortization": "1098000",
												"interestExpense": "14928000"
											},
											{
												"netIncomeFromContinuingOperations": "0",
												"netInterestIncome": "None",
												"depreciation": "None",
												"incomeTaxExpense": "655000",
												"grossProfit": "32527000",
												"fiscalDateEnding": "2008-12-31",
												"incomeBeforeTax": "9973000",
												"sellingGeneralAndAdministrative": "7448000",
												"operatingExpenses": "-22554000",
												"otherNonOperatingIncome": "None",
												"investmentIncomeNet": "None",
												"interestIncome": "None",
												"ebitda": "29666000",
												"interestAndDebtExpense": "None",
												"costOfRevenue": "27050000",
												"ebit": "28723000",
												"comprehensiveIncomeNetOfTax": "None",
												"researchAndDevelopment": "0",
												"totalRevenue": "32527000",
												"netIncome": "9318000",
												"reportedCurrency": "USD",
												"costofGoodsAndServicesSold": "27050000",
												"operatingIncome": "9973000",
												"nonInterestIncome": "None",
												"depreciationAndAmortization": "943000",
												"interestExpense": "18750000"
											},
											{
												"netIncomeFromContinuingOperations": "0",
												"netInterestIncome": "None",
												"depreciation": "None",
												"incomeTaxExpense": "3255000",
												"grossProfit": "25712000",
												"fiscalDateEnding": "2008-09-30",
												"incomeBeforeTax": "12266000",
												"sellingGeneralAndAdministrative": "7728000",
												"operatingExpenses": "-13446000",
												"otherNonOperatingIncome": "None",
												"investmentIncomeNet": "None",
												"interestIncome": "None",
												"ebitda": "33655000",
												"interestAndDebtExpense": "None",
												"costOfRevenue": "3775000",
												"ebit": "32680000",
												"comprehensiveIncomeNetOfTax": "None",
												"researchAndDevelopment": "0",
												"totalRevenue": "29487000",
												"netIncome": "9011000",
												"reportedCurrency": "USD",
												"costofGoodsAndServicesSold": "3775000",
												"operatingIncome": "12266000",
												"nonInterestIncome": "None",
												"depreciationAndAmortization": "975000",
												"interestExpense": "20414000"
											},
											{
												"netIncomeFromContinuingOperations": "0",
												"netInterestIncome": "None",
												"depreciation": "None",
												"incomeTaxExpense": "3111000",
												"grossProfit": "25525000",
												"fiscalDateEnding": "2008-06-30",
												"incomeBeforeTax": "11718000",
												"sellingGeneralAndAdministrative": "7624000",
												"operatingExpenses": "8262000",
												"otherNonOperatingIncome": "None",
												"investmentIncomeNet": "None",
												"interestIncome": "None",
												"ebitda": "34720000",
												"interestAndDebtExpense": "None",
												"costOfRevenue": "3635000",
												"ebit": "33787000",
												"comprehensiveIncomeNetOfTax": "None",
												"researchAndDevelopment": "0",
												"totalRevenue": "29160000",
												"netIncome": "8607000",
												"reportedCurrency": "USD",
												"costofGoodsAndServicesSold": "3635000",
												"operatingIncome": "33787000",
												"nonInterestIncome": "None",
												"depreciationAndAmortization": "933000",
												"interestExpense": "22069000"
											},
											{
												"netIncomeFromContinuingOperations": "0",
												"netInterestIncome": "None",
												"depreciation": "None",
												"incomeTaxExpense": "2905000",
												"grossProfit": "23401000",
												"fiscalDateEnding": "2008-03-31",
												"incomeBeforeTax": "10670000",
												"sellingGeneralAndAdministrative": "7332000",
												"operatingExpenses": "10338000",
												"otherNonOperatingIncome": "None",
												"investmentIncomeNet": "None",
												"interestIncome": "None",
												"ebitda": "34654000",
												"interestAndDebtExpense": "None",
												"costOfRevenue": "3475000",
												"ebit": "33739000",
												"comprehensiveIncomeNetOfTax": "None",
												"researchAndDevelopment": "0",
												"totalRevenue": "26876000",
												"netIncome": "7765000",
												"reportedCurrency": "USD",
												"costofGoodsAndServicesSold": "3475000",
												"operatingIncome": "33739000",
												"nonInterestIncome": "None",
												"depreciationAndAmortization": "915000",
												"interestExpense": "23069000"
											},
											{
												"netIncomeFromContinuingOperations": "0",
												"netInterestIncome": "None",
												"depreciation": "None",
												"incomeTaxExpense": "3437000",
												"grossProfit": "26380000",
												"fiscalDateEnding": "2007-12-31",
												"incomeBeforeTax": "11174000",
												"sellingGeneralAndAdministrative": "7398000",
												"operatingExpenses": "9485000",
												"otherNonOperatingIncome": "None",
												"investmentIncomeNet": "None",
												"interestIncome": "None",
												"ebitda": "36785000",
												"interestAndDebtExpense": "None",
												"costOfRevenue": "27391000",
												"ebit": "35865000",
												"comprehensiveIncomeNetOfTax": "None",
												"researchAndDevelopment": "0",
												"totalRevenue": "26380000",
												"netIncome": "7737000",
												"reportedCurrency": "USD",
												"costofGoodsAndServicesSold": "27391000",
												"operatingIncome": "35865000",
												"nonInterestIncome": "None",
												"depreciationAndAmortization": "920000",
												"interestExpense": "24691000"
											},
											{
												"netIncomeFromContinuingOperations": "0",
												"netInterestIncome": "None",
												"depreciation": "None",
												"incomeTaxExpense": "3856000",
												"grossProfit": "22353000",
												"fiscalDateEnding": "2007-09-30",
												"incomeBeforeTax": "12258000",
												"sellingGeneralAndAdministrative": "6936000",
												"operatingExpenses": "15151000",
												"otherNonOperatingIncome": "None",
												"investmentIncomeNet": "None",
												"interestIncome": "None",
												"ebitda": "38386000",
												"interestAndDebtExpense": "None",
												"costOfRevenue": "2737000",
												"ebit": "37504000",
												"comprehensiveIncomeNetOfTax": "None",
												"researchAndDevelopment": "0",
												"totalRevenue": "25090000",
												"netIncome": "8402000",
												"reportedCurrency": "USD",
												"costofGoodsAndServicesSold": "2737000",
												"operatingIncome": "37504000",
												"nonInterestIncome": "None",
												"depreciationAndAmortization": "882000",
												"interestExpense": "25246000"
											},
											{
												"netIncomeFromContinuingOperations": "0",
												"netInterestIncome": "None",
												"depreciation": "None",
												"incomeTaxExpense": "3702000",
												"grossProfit": "22021000",
												"fiscalDateEnding": "2007-06-30",
												"incomeBeforeTax": "11788000",
												"sellingGeneralAndAdministrative": "7016000",
												"operatingExpenses": "-10233000",
												"otherNonOperatingIncome": "None",
												"investmentIncomeNet": "None",
												"interestIncome": "None",
												"ebitda": "37498000",
												"interestAndDebtExpense": "None",
												"costOfRevenue": "2893000",
												"ebit": "36625000",
												"comprehensiveIncomeNetOfTax": "None",
												"researchAndDevelopment": "0",
												"totalRevenue": "24914000",
												"netIncome": "8086000",
												"reportedCurrency": "USD",
												"costofGoodsAndServicesSold": "2893000",
												"operatingIncome": "11788000",
												"nonInterestIncome": "None",
												"depreciationAndAmortization": "873000",
												"interestExpense": "24837000"
											},
											{
												"netIncomeFromContinuingOperations": "0",
												"netInterestIncome": "None",
												"depreciation": "None",
												"incomeTaxExpense": "3449000",
												"grossProfit": "21351000",
												"fiscalDateEnding": "2007-03-31",
												"incomeBeforeTax": "10970000",
												"sellingGeneralAndAdministrative": "7310000",
												"operatingExpenses": "14198000",
												"otherNonOperatingIncome": "None",
												"investmentIncomeNet": "None",
												"interestIncome": "None",
												"ebitda": "36422000",
												"interestAndDebtExpense": "None",
												"costOfRevenue": "2857000",
												"ebit": "35549000",
												"comprehensiveIncomeNetOfTax": "None",
												"researchAndDevelopment": "0",
												"totalRevenue": "24208000",
												"netIncome": "7521000",
												"reportedCurrency": "USD",
												"costofGoodsAndServicesSold": "2857000",
												"operatingIncome": "35549000",
												"nonInterestIncome": "None",
												"depreciationAndAmortization": "873000",
												"interestExpense": "24579000"
											},
											{
												"netIncomeFromContinuingOperations": "0",
												"netInterestIncome": "None",
												"depreciation": "None",
												"incomeTaxExpense": "3195000",
												"grossProfit": "23956000",
												"fiscalDateEnding": "2006-12-31",
												"incomeBeforeTax": "10550000",
												"sellingGeneralAndAdministrative": "7360000",
												"operatingExpenses": "-13406000",
												"otherNonOperatingIncome": "None",
												"investmentIncomeNet": "None",
												"interestIncome": "None",
												"ebitda": "34820000",
												"interestAndDebtExpense": "None",
												"costOfRevenue": "25473000",
												"ebit": "35123000",
												"comprehensiveIncomeNetOfTax": "None",
												"researchAndDevelopment": "0",
												"totalRevenue": "23956000",
												"netIncome": "7355000",
												"reportedCurrency": "USD",
												"costofGoodsAndServicesSold": "25473000",
												"operatingIncome": "10550000",
												"nonInterestIncome": "None",
												"depreciationAndAmortization": "-303000",
												"interestExpense": "24573000"
											},
											{
												"netIncomeFromContinuingOperations": "0",
												"netInterestIncome": "None",
												"depreciation": "None",
												"incomeTaxExpense": "3187000",
												"grossProfit": "23454000",
												"fiscalDateEnding": "2006-09-30",
												"incomeBeforeTax": "11197000",
												"sellingGeneralAndAdministrative": "6993000",
												"operatingExpenses": "11436000",
												"otherNonOperatingIncome": "None",
												"investmentIncomeNet": "None",
												"interestIncome": "None",
												"ebitda": "35719000",
												"interestAndDebtExpense": "None",
												"costOfRevenue": "24242000",
												"ebit": "34890000",
												"comprehensiveIncomeNetOfTax": "None",
												"researchAndDevelopment": "0",
												"totalRevenue": "23454000",
												"netIncome": "8010000",
												"reportedCurrency": "USD",
												"costofGoodsAndServicesSold": "24242000",
												"operatingIncome": "34890000",
												"nonInterestIncome": "None",
												"depreciationAndAmortization": "829000",
												"interestExpense": "23693000"
											},
											{
												"netIncomeFromContinuingOperations": "0",
												"netInterestIncome": "None",
												"depreciation": "None",
												"incomeTaxExpense": "3491000",
												"grossProfit": "22939000",
												"fiscalDateEnding": "2006-06-30",
												"incomeBeforeTax": "11422000",
												"sellingGeneralAndAdministrative": "6569000",
												"operatingExpenses": "8352000",
												"otherNonOperatingIncome": "None",
												"investmentIncomeNet": "None",
												"interestIncome": "None",
												"ebitda": "32095000",
												"interestAndDebtExpense": "None",
												"costOfRevenue": "20370000",
												"ebit": "31291000",
												"comprehensiveIncomeNetOfTax": "None",
												"researchAndDevelopment": "0",
												"totalRevenue": "22939000",
												"netIncome": "7931000",
												"reportedCurrency": "USD",
												"costofGoodsAndServicesSold": "20370000",
												"operatingIncome": "31291000",
												"nonInterestIncome": "None",
												"depreciationAndAmortization": "804000",
												"interestExpense": "19869000"
											},
											{
												"netIncomeFromContinuingOperations": "0",
												"netInterestIncome": "None",
												"depreciation": "None",
												"incomeTaxExpense": "3545000",
												"grossProfit": "23602000",
												"fiscalDateEnding": "2006-03-31",
												"incomeBeforeTax": "11942000",
												"sellingGeneralAndAdministrative": "6584000",
												"operatingExpenses": "4683000",
												"otherNonOperatingIncome": "None",
												"investmentIncomeNet": "None",
												"interestIncome": "None",
												"ebitda": "29082000",
												"interestAndDebtExpense": "None",
												"costOfRevenue": "16843000",
												"ebit": "28285000",
												"comprehensiveIncomeNetOfTax": "None",
												"researchAndDevelopment": "0",
												"totalRevenue": "23602000",
												"netIncome": "8397000",
												"reportedCurrency": "USD",
												"costofGoodsAndServicesSold": "16843000",
												"operatingIncome": "28285000",
												"nonInterestIncome": "None",
												"depreciationAndAmortization": "797000",
												"interestExpense": "16343000"
											},
											{
												"netIncomeFromContinuingOperations": "0",
												"netInterestIncome": "None",
												"depreciation": "None",
												"incomeTaxExpense": "3460000",
												"grossProfit": "22649000",
												"fiscalDateEnding": "2005-12-31",
												"incomeBeforeTax": "11843000",
												"sellingGeneralAndAdministrative": "5945000",
												"operatingExpenses": "-10806000",
												"otherNonOperatingIncome": "None",
												"investmentIncomeNet": "None",
												"interestIncome": "None",
												"ebitda": "26558000",
												"interestAndDebtExpense": "None",
												"costOfRevenue": "14701000",
												"ebit": "26044000",
												"comprehensiveIncomeNetOfTax": "None",
												"researchAndDevelopment": "0",
												"totalRevenue": "22649000",
												"netIncome": "8383000",
												"reportedCurrency": "USD",
												"costofGoodsAndServicesSold": "14701000",
												"operatingIncome": "11843000",
												"nonInterestIncome": "None",
												"depreciationAndAmortization": "514000",
												"interestExpense": "14201000"
											},
											{
												"netIncomeFromContinuingOperations": "0",
												"netInterestIncome": "None",
												"depreciation": "None",
												"incomeTaxExpense": "3483000",
												"grossProfit": "22624000",
												"fiscalDateEnding": "2005-09-30",
												"incomeBeforeTax": "11554000",
												"sellingGeneralAndAdministrative": "6221000",
												"operatingExpenses": "693000",
												"otherNonOperatingIncome": "None",
												"investmentIncomeNet": "None",
												"interestIncome": "None",
												"ebitda": "23340000",
												"interestAndDebtExpense": "None",
												"costOfRevenue": "12562000",
												"ebit": "23317000",
												"comprehensiveIncomeNetOfTax": "None",
												"researchAndDevelopment": "0",
												"totalRevenue": "22624000",
												"netIncome": "8071000",
												"reportedCurrency": "USD",
												"costofGoodsAndServicesSold": "12562000",
												"operatingIncome": "23317000",
												"nonInterestIncome": "None",
												"depreciationAndAmortization": "23000",
												"interestExpense": "11763000"
											},
											{
												"netIncomeFromContinuingOperations": "0",
												"netInterestIncome": "None",
												"depreciation": "None",
												"incomeTaxExpense": "3503000",
												"grossProfit": "21724000",
												"fiscalDateEnding": "2005-06-30",
												"incomeBeforeTax": "11216000",
												"sellingGeneralAndAdministrative": "5866000",
												"operatingExpenses": "-10508000",
												"otherNonOperatingIncome": "None",
												"investmentIncomeNet": "None",
												"interestIncome": "None",
												"ebitda": "22215000",
												"interestAndDebtExpense": "None",
												"costOfRevenue": "10538000",
												"ebit": "21254000",
												"comprehensiveIncomeNetOfTax": "None",
												"researchAndDevelopment": "0",
												"totalRevenue": "21724000",
												"netIncome": "7713000",
												"reportedCurrency": "USD",
												"costofGoodsAndServicesSold": "10538000",
												"operatingIncome": "11216000",
												"nonInterestIncome": "None",
												"depreciationAndAmortization": "961000",
												"interestExpense": "10038000"
											},
											{
												"netIncomeFromContinuingOperations": "0",
												"netInterestIncome": "None",
												"depreciation": "None",
												"incomeTaxExpense": "3513000",
												"grossProfit": "20830000",
												"fiscalDateEnding": "2005-03-31",
												"incomeBeforeTax": "10835000",
												"sellingGeneralAndAdministrative": "5333000",
												"operatingExpenses": "-1691000",
												"otherNonOperatingIncome": "None",
												"investmentIncomeNet": "None",
												"interestIncome": "None",
												"ebitda": "19693000",
												"interestAndDebtExpense": "None",
												"costOfRevenue": "8804000",
												"ebit": "19139000",
												"comprehensiveIncomeNetOfTax": "None",
												"researchAndDevelopment": "0",
												"totalRevenue": "20830000",
												"netIncome": "7322000",
												"reportedCurrency": "USD",
												"costofGoodsAndServicesSold": "8804000",
												"operatingIncome": "19139000",
												"nonInterestIncome": "None",
												"depreciationAndAmortization": "554000",
												"interestExpense": "8304000"
											},
											{
												"netIncomeFromContinuingOperations": "0",
												"netInterestIncome": "None",
												"depreciation": "None",
												"incomeTaxExpense": "3115000",
												"grossProfit": "20472000",
												"fiscalDateEnding": "2004-12-31",
												"incomeBeforeTax": "10126000",
												"sellingGeneralAndAdministrative": "5316000",
												"operatingExpenses": "-2998000",
												"otherNonOperatingIncome": "None",
												"investmentIncomeNet": "None",
												"interestIncome": "None",
												"ebitda": "18204000",
												"interestAndDebtExpense": "None",
												"costOfRevenue": "7848000",
												"ebit": "17474000",
												"comprehensiveIncomeNetOfTax": "None",
												"researchAndDevelopment": "0",
												"totalRevenue": "20472000",
												"netIncome": "7011000",
												"reportedCurrency": "USD",
												"costofGoodsAndServicesSold": "7848000",
												"operatingIncome": "17474000",
												"nonInterestIncome": "None",
												"depreciationAndAmortization": "730000",
												"interestExpense": "7348000"
											},
											{
												"netIncomeFromContinuingOperations": "0",
												"netInterestIncome": "None",
												"depreciation": "None",
												"incomeTaxExpense": "3086000",
												"grossProfit": "17585000",
												"fiscalDateEnding": "2004-09-30",
												"incomeBeforeTax": "9733000",
												"sellingGeneralAndAdministrative": "5526000",
												"operatingExpenses": "-1547000",
												"otherNonOperatingIncome": "None",
												"investmentIncomeNet": "None",
												"interestIncome": "None",
												"ebitda": "16496000",
												"interestAndDebtExpense": "None",
												"costOfRevenue": "2954000",
												"ebit": "16038000",
												"comprehensiveIncomeNetOfTax": "None",
												"researchAndDevelopment": "0",
												"totalRevenue": "20539000",
												"netIncome": "6647000",
												"reportedCurrency": "USD",
												"costofGoodsAndServicesSold": "2954000",
												"operatingIncome": "16038000",
												"nonInterestIncome": "None",
												"depreciationAndAmortization": "458000",
												"interestExpense": "6305000"
											},
											{
												"netIncomeFromContinuingOperations": "0",
												"netInterestIncome": "None",
												"depreciation": "None",
												"incomeTaxExpense": "3010000",
												"grossProfit": "16542000",
												"fiscalDateEnding": "2004-06-30",
												"incomeBeforeTax": "9270000",
												"sellingGeneralAndAdministrative": "4973000",
												"operatingExpenses": "-1629000",
												"otherNonOperatingIncome": "None",
												"investmentIncomeNet": "None",
												"interestIncome": "None",
												"ebitda": "15615000",
												"interestAndDebtExpense": "None",
												"costOfRevenue": "3383000",
												"ebit": "14913000",
												"comprehensiveIncomeNetOfTax": "None",
												"researchAndDevelopment": "0",
												"totalRevenue": "19925000",
												"netIncome": "6260000",
												"reportedCurrency": "USD",
												"costofGoodsAndServicesSold": "3383000",
												"operatingIncome": "14913000",
												"nonInterestIncome": "None",
												"depreciationAndAmortization": "702000",
												"interestExpense": "5643000"
											}
										],
										"2": "OZK"
									}
								],
								"schema": [
									{
										"key": "0",
										"name": "annualReports",
										"type": "ArrayType(StructType(StructField(comprehensiveIncomeNetOfTax,StringType,true),StructField(costOfRevenue,StringType,true),StructField(costofGoodsAndServicesSold,StringType,true),StructField(depreciation,StringType,true),StructField(depreciationAndAmortization,StringType,true),StructField(ebit,StringType,true),StructField(ebitda,StringType,true),StructField(fiscalDateEnding,StringType,true),StructField(grossProfit,StringType,true),StructField(incomeBeforeTax,StringType,true),StructField(incomeTaxExpense,StringType,true),StructField(interestAndDebtExpense,StringType,true),StructField(interestExpense,StringType,true),StructField(interestIncome,StringType,true),StructField(investmentIncomeNet,StringType,true),StructField(netIncome,StringType,true),StructField(netIncomeFromContinuingOperations,StringType,true),StructField(netInterestIncome,StringType,true),StructField(nonInterestIncome,StringType,true),StructField(operatingExpenses,StringType,true),StructField(operatingIncome,StringType,true),StructField(otherNonOperatingIncome,StringType,true),StructField(reportedCurrency,StringType,true),StructField(researchAndDevelopment,StringType,true),StructField(sellingGeneralAndAdministrative,StringType,true),StructField(totalRevenue,StringType,true)),true)"
									},
									{
										"key": "1",
										"name": "quarterlyReports",
										"type": "ArrayType(StructType(StructField(comprehensiveIncomeNetOfTax,StringType,true),StructField(costOfRevenue,StringType,true),StructField(costofGoodsAndServicesSold,StringType,true),StructField(depreciation,StringType,true),StructField(depreciationAndAmortization,StringType,true),StructField(ebit,StringType,true),StructField(ebitda,StringType,true),StructField(fiscalDateEnding,StringType,true),StructField(grossProfit,StringType,true),StructField(incomeBeforeTax,StringType,true),StructField(incomeTaxExpense,StringType,true),StructField(interestAndDebtExpense,StringType,true),StructField(interestExpense,StringType,true),StructField(interestIncome,StringType,true),StructField(investmentIncomeNet,StringType,true),StructField(netIncome,StringType,true),StructField(netIncomeFromContinuingOperations,StringType,true),StructField(netInterestIncome,StringType,true),StructField(nonInterestIncome,StringType,true),StructField(operatingExpenses,StringType,true),StructField(operatingIncome,StringType,true),StructField(otherNonOperatingIncome,StringType,true),StructField(reportedCurrency,StringType,true),StructField(researchAndDevelopment,StringType,true),StructField(sellingGeneralAndAdministrative,StringType,true),StructField(totalRevenue,StringType,true)),true)"
									},
									{
										"key": "2",
										"name": "symbol",
										"type": "string"
									}
								],
								"truncated": false
							},
							"isSummary": false,
							"language": "scala",
							"wranglerEntryContext": {
								"dataframeType": "pyspark"
							}
						},
						"persist_state": {
							"view": {
								"type": "details",
								"chartOptions": {
									"chartType": "bar",
									"aggregationType": "count",
									"categoryFieldKeys": [
										"2"
									],
									"seriesFieldKeys": [
										"0"
									],
									"isStacked": false
								}
							}
						}
					}
				}
			},
			"enableDebugMode": false,
			"language_info": {
				"name": "python"
			},
			"a365ComputeOptions": {
				"id": "/subscriptions/962c4f9c-3188-4e42-9c52-5efadbdf83fd/resourceGroups/IMRAssetManagementDev/providers/Microsoft.Synapse/workspaces/testsynapseimr/bigDataPools/testSynapse",
				"name": "testSynapse",
				"type": "Spark",
				"endpoint": "https://testsynapseimr.dev.azuresynapse.net/livyApi/versions/2019-11-01-preview/sparkPools/testSynapse",
				"auth": {
					"type": "AAD",
					"authResource": "https://dev.azuresynapse.net",
					"authHeader": null
				},
				"sparkVersion": "3.4",
				"nodeCount": 10,
				"cores": 4,
				"memory": 28,
				"extraHeader": null
			},
			"sessionKeepAliveTimeout": 30
		},
		"cells": [
			{
				"cell_type": "code",
				"metadata": {
					"microsoft": {
						"language": "python"
					},
					"collapsed": false
				},
				"source": [
					"%%pyspark\r\n",
					"df = spark.read.load('abfss://bronze@imrdatalakedev.dfs.core.windows.net/apiData/apiDatTest.json', format='json')\r\n",
					"display(df.limit(10))"
				],
				"execution_count": 1
			},
			{
				"cell_type": "code",
				"metadata": {
					"jupyter": {
						"source_hidden": false,
						"outputs_hidden": false
					},
					"nteract": {
						"transient": {
							"deleting": false
						}
					}
				},
				"source": [
					"from pyspark.sql.functions import explode, col\r\n",
					"df = spark.read.format(\"json\").load(\"abfss://bronze@imrdatalakedev.dfs.core.windows.net/apiData/apiDatTest.json\").withColumn(\"explodeArray\", explode(col(\"quarterlyReports\")))\r\n",
					"df.createOrReplaceTempView(\"myData\")"
				],
				"execution_count": 11
			},
			{
				"cell_type": "code",
				"metadata": {
					"microsoft": {
						"language": "sparksql"
					},
					"jupyter": {
						"source_hidden": false,
						"outputs_hidden": false
					},
					"nteract": {
						"transient": {
							"deleting": false
						}
					},
					"collapsed": false
				},
				"source": [
					"%%sql\r\n",
					"SELECT \r\n",
					"    explodeArray.netInterestIncome As InterestIncome,\r\n",
					"    explodeArray.fiscalDateEnding As FiscalDate\r\n",
					"FROM myData"
				],
				"execution_count": 13
			}
		]
	}
}